3259 5367
405 728 493 777 unsa
510 712 674 782 certantes,
700 726 775 788 quoa
800 708 844 771 ita
868 708 925 769 dici
952 708 1097 770 neminem
1115 714 1217 787 potest
1236 692 1406 787 offcud'cre',

404 810 455 889 qul
474 806 636 869 centaurica
660 805 709 866 illa
736 822 802 865 cunr
831 805 955 867 deorum
980 804 1061 866 cultu
1087 806 1253 872 arctissimo
1281 806 1405 869 viuculo

403 904 558 967 coniuncto
574 921 642 964 csse
656 900 849 981 reputaverit.
864 932 903 951 ν-
916 896 1048 981 ἑναγών.
1064 902 1192 980 pertinet
1212 903 1251 962 aul
1262 893 1407 982 Ἑρμαῖος

403 1000 552 1077 eleganter
579 1006 611 1059 et
628 998 744 1079 poetice
771 998 831 1058 hoc
850 995 983 1059 solemne
1002 996 1143 1057 Mercurii
1161 999 1314 1077 epitheton
1333 1002 1404 1061 eiua

402 1082 517 1157 statum
530 1094 567 1155 ad
579 1093 664 1154 stadii
674 1110 808 1153 carceres
827 1093 942 1173 positae
957 1093 1102 1153 tributum
1121 1100 1177 1154 eat.
1187 1126 1227 1141 —
1246 1094 1405 1156 Vocabula

403 1186 452 1264 δίε
471 1182 533 1254 δέκ’
551 1188 614 1253 tub
634 1185 771 1251 σταδίων
794 1188 945 1252 leonisius
971 1207 1029 1249 nou
1057 1190 1123 1251 rinc
1148 1190 1330 1252 dubitatione
1356 1192 1403 1251 itu

325 1306 327 1313 ·
403 1286 551 1365 explicuit,
570 1283 748 1350 ολότοίίοον
767 1305 823 1363 pro
842 1282 915 1365 νίκη
935 1280 971 1346 ἐν
982 1282 1099 1362 σταίίῳ
1113 1284 1401 1360 dictumstatueret3

404 1402 490 1462 quam
510 1385 755 1463 explicationem,
778 1382 804 1442 ai
823 1382 964 1444 vocabula
984 1399 1146 1461 corumque
1165 1401 1251 1442 usum
1270 1384 1400 1473 rcspici·

400 1499 476 1554 mus,
497 1497 554 1540 uon
573 1479 739 1541 dubitamus
756 1477 910 1557 amplectit
930 1477 1038 1538 eodem
1057 1478 1134 1538 enim
1155 1496 1243 1538 seusu
1255 1477 1400 1539 Pindarus

400 1594 474 1637 socc
488 1572 575 1636 στασ.
590 1593 661 1636 usus
678 1580 734 1644 est,
751 1572 838 1633 Nem.
851 1571 928 1643 Vlll,
937 1577 986 1633 16.
994 1572 1122 1647 Δείνιος
1128 1571 1247 1635 ίισσῶν
1260 1570 1401 1637 σταδίων

399 1668 454 1735 καί
471 1668 589 1749 πατρὸς
607 1666 703 1749 Μέγα
723 1668 883 1749 Νεμεαῖον
901 1669 1036 1749 ἄγαλμα.

477 1768 615 1829 (laterum
636 1764 859 1847 Tlepolemum,
878 1786 966 1846 quem
993 1767 1175 1847 epigramma
1199 1769 1281 1826 notat
1305 1766 1399 1847 Poly-

402 1866 494 1925 cratis
513 1863 617 1936 filium,
637 1860 724 1942 Myra
744 1861 1031 1947 ortumpsalmasius
1052 1861 1243 1944 probabiliter
1261 1863 1401 1943 suspica·

400 1967 449 2021 tua
469 1964 516 2019 eat
535 1959 662 2019 eundern
682 1976 770 2034 csse,
791 1978 880 2037 quem
899 1959 1058 2020 l'ausanias
1077 1958 1117 2032 V,
1137 1962 1165 2017 ³.
1185 1979 1214 2037 p.
1236 1962 1303 2020 395.
1334 1957 1399 2038 Ly-

398 2057 475 2117 cium
495 2054 642 2116 nominetr
662 2054 749 2135 Myra
769 2062 816 2115 est
835 2052 913 2115 euim
933 2053 1044 2133 Lyciae
1063 2055 1213 2136 oppidum.
1255 2055 1400 2118 ceterum

397 2150 550 2216 Reishium
571 2157 692 2212 secutus
707 2148 922 2230 Πολυκρίτου,
942 2152 1021 2232 qnod
1040 2152 1071 2213 iu
1090 2151 1173 2212 libris
1191 2150 1308 2227 legitur,
1327 2169 1398 2211 mu·

396 2250 456 2312 tasi
485 2234 517 2309 iri
544 2246 766 2328 Πολυκράτεα.
805 2250 926 2311 Etenim
955 2266 1062 2308 nomen
1089 2244 1290 2326 Πολυκρίτης
1312 2245 1399 2308 anilo
1477 2305 1478 2310 ,

397 2352 428 2403 et
447 2363 485 2405 ne
505 2362 541 2406 co
562 2345 699 2423 quidem,
721 2362 808 2421 quem
830 2344 980 2405 lacobsius
999 2344 1170 2416 advocavit,
1190 2344 1257 2405 loco
1275 2340 1397 2423 (Polyb.
1477 2353 1478 2416 i

395 2437 716 2519 1X‚aa‚1o.)tegitur,
736 2440 789 2501 sed
808 2439 858 2500 hic
878 2446 910 2500 ut
929 2437 1001 2501 alias
1020 2440 1164 2502 iuvenitur
1186 2438 1394 2519 Πολύκριτος,

856 2568 936 2631 Xlll.

492 2676 593 2754 Αὐτοὶ
616 2677 678 2775 γάρ
702 2677 758 2751 διὰ
783 2684 992 2775 Παρνασσοῦ
1017 2736 1024 2752 .
1051 2737 1059 2753 .
1085 2738 1093 2753 .
1120 2739 1129 2754 .

539 2796 761 2892 χρυσορόφων
786 2799 958 2893 Νυμφέων
981 2801 1056 2873 εἴσω
1081 2802 1158 2874 ἴσον
1180 2800 1349 2895 θαλάμων.

469 2913 604 2993 Antigon.
625 2914 703 2979 Hist.
724 2916 826 2976 mirah.
854 2919 923 2976 121.
966 2913 1008 2979 Ol·
1025 2914 1148 2996 Δελφοί
1172 2915 1207 2980 δὲ
1234 2916 1392 2999 λέγουσιν,
1420 2918 1428 2927 ’

393 3006 442 3071 ὅτι
461 3003 496 3071 ἐν
514 3010 559 3095 τῷ
580 3010 761 3093 Παρνασσῷ
787 3010 869 3075 κατοί
893 3031 981 3087 τινας
1005 3013 1143 3094 χρόνους
1159 3013 1197 3078 τὸ
1218 3014 1392 3092 Κωρύκιον
1476 3053 1477 3058 1

392 3104 564 3186 caturcum
580 3106 769 3189 χρυσοειδές.
807 3108 871 3172 Διὸ
891 3106 945 3171 καί
963 3110 1021 3173 τὸν
1034 3110 1206 3187 Φιλόξενον
1226 3111 1330 3187 οὐδεὶς
1348 3110 1390 3177 ἂν

393 3203 598 3268 είκαιολαλεῖν
618 3203 699 3266 sinor
718 3203 845 3283 λέγονθ)
867 3202 985 3279 οὕτως·
1007 3206 1098 3271 αὐτοὶ
1114 3210 1179 3281 κτλ.
1220 3210 1389 3273 Secundum
1476 3215 1477 3286 1

391 3319 508 3362 versum
527 3301 616 3360 huius
636 3300 763 3371 mutilati
788 3302 1002 3382 epigrammatis
1021 3306 1165 3386 hergliua
1187 3306 1230 3368 ita
1248 3307 1389 3383 restituit,
1476 3293 1477 3326 ³

391 3402 424 3457 ut
442 3393 517 3457 ἴσαν
534 3394 688 3458 adiiceret.

466 3554 699 3620 Praeterearviri
723 3558 803 3619 docti
830 3558 991 3623 Phiioxeno
1018 3562 1162 3642 cytherio
1188 3584 1305 3627 carmen
1332 3566 1387 3627 tri·

389 3656 482 3717 huere
502 3652 607 3728 scient,
629 3654 707 3733 quod
726 3652 858 3719 δεῖπνον
869 3660 1039 3721 inscribitur
1058 3666 1089 3720 et
1108 3661 1144 3720 ah
1156 3661 1306 3723 Athenaeo
1319 3662 1387 3741 plu-

388 3750 470 3811 ribus
495 3748 568 3809 locis
595 3750 736 3812 laudatur.
776 3756 803 3816 A
829 3774 886 3833 quo
916 3775 1005 3834 quum
1032 3755 1096 3815 aliis
1122 3756 1196 3817 locis
1216 3755 1263 3815 alii
1281 3777 1388 3819 versus

388 3844 585 3922 proferantur,
604 3849 693 3907 totius
708 3850 841 3910 carminis
857 3850 990 3931 plerique
1002 3869 1103 3911 omnes
1116 3849 1148 3929 7)
1168 3852 1301 3911 videntur
1320 3870 1388 3913 ser·

343 3992 345 3995 .
387 3941 448 3999 rati
468 3958 545 4003 csse.
584 3941 710 4021 Singulis
732 3952 830 4005 autern
850 3946 1023 4025 fragmentis
1050 3964 1105 4006 suo
1134 3949 1236 4008 ordine
1262 3946 1386 4009 coninu-

388 4036 444 4097 ctis
463 4053 580 4097 carmen
593 4038 749 4100 itehahctr
769 4040 901 4102 l'rimum
920 4041 950 4118 ⁸)
971 4043 1093 4104 convivii
1106 4043 1221 4103 initium
1237 4041 1385 4103 describi-

440 4188 467 4255 ⁷)
483 4187 574 4241 Peuce
591 4193 691 4245 tanturn
707 4191 889 4279 tenderentur
903 4192 996 4263 initio,
1011 4194 1081 4251 iuter
1099 4193 1205 4264 ringula
1221 4194 1384 4265 fragmenta,

256 4292 262 4311 a
328 4322 330 4327 ,
386 4274 505 4327 extrema
522 4274 646 4327 carminis
660 4282 746 4343 parto.

437 4356 821 4429 ommmpmn
