3259 5367
734 591 781 661 la

259 774 323 828 tum
343 786 419 827 asae.
457 764 502 827 liii
523 764 587 825 iera
607 766 744 845 aequatae
763 766 886 827 inerunt
908 765 973 840 ion,
992 764 1145 846 Diagorae,
1166 767 1254 829 cieo·

261 882 381 935 menen,
411 863 460 939 qui
481 862 585 921 eodem
607 882 700 940 poene
720 863 822 935 modo,
844 864 897 922 ned
917 862 1029 922 minore
1048 882 1188 923 aocceaan
1207 883 1255 923 ar·

261 965 322 1019 tem
348 958 474 1018 coluisse
500 956 709 1031 videntur⁴⁶).
749 943 991 1018 Annumerandua
1019 964 1067 1019 eat
1090 959 1137 1018 hio
1165 961 1257 1019 etiam

262 1053 389 1132 Phrynia
419 1052 695 1131 Mitylenaeua⁴⁷)‚
722 1055 870 1127 musicus,
899 1055 948 1131 qui
975 1055 1051 1131 quod
1078 1074 1097 1113 a
1122 1054 1255 1133 pluribus

261 1150 387 1210 vidimus
414 1149 563 1227 inceptum
584 1150 729 1228 perfecit,
760 1151 958 1227 musicamque
982 1149 1106 1227 antiquie
1133 1150 1257 1211 vincuiia

263 1246 349 1327 piane
376 1244 496 1305 reiectis
524 1264 586 1305 eam
614 1247 758 1316 excoluit,
788 1264 874 1323 quarn
903 1238 1001 1323 eupra'
1018 1245 1257 1323 significavimus.

263 1340 470 1401 Citharoodhe
491 1341 568 1401 enim
589 1360 677 1419 quum
699 1325 818 1421 operam
839 1341 932 1414 daret,
951 1340 1132 1419 perfectiora
1150 1344 1258 1402 instro·

264 1444 363 1496 menta
384 1435 538 1510 adhibuit,
569 1456 666 1515 neque
692 1438 785 1498 eoirrm
814 1438 892 1513 lyrae
918 1430 988 1515 'plue
1007 1447 1123 1517 septem
1140 1439 1259 1499 chordis

264 1534 436 1610 teneas⁴⁸)‚
458 1533 510 1591 sed
522 1534 609 1593 etium
625 1530 761 1604 citharae,
782 1533 885 1611 paucio
904 1532 1021 1611 quidem
1041 1540 1115 1604 (oon
1135 1534 1260 1612 amptiua

265 1629 408 1706 quinque)
436 1628 554 1688 chordis
582 1633 699 1703 tenear,
727 1629 781 1688 aed
811 1648 829 1687 e
856 1629 963 1704 quibua
982 1628 1129 1687 flectendo
1150 1626 1260 1707 (durch

269 1724 419 1803 Greifera)
447 1724 591 1784 infinitam
612 1744 751 1785 nouorum
778 1724 995 1793 multitudinem
1022 1724 1131 1785 eiicere
1157 1733 1189 1783 et
1213 1725 1261 1785 vei

265 1839 386 1893 omnes,
413 1840 487 1899 quae
506 1822 583 1880 iutra
603 1841 691 1881 ιιιιιιιιι
713 1820 854 1899 diapason
874 1820 1072 1893 eontinentur,
1104 1820 1261 1880 duodecim

264 1917 433 1976 harmonias
453 1917 595 1976 eahihere
615 1920 802 1995 poterat⁴⁹).
842 1916 956 1989 Quihoa
975 1915 1113 1976 subsidiis
1133 1917 1262 1978 munitus

265 2011 296 2070 iu
317 2011 412 2069 modio
432 2018 463 2070 et
483 2012 691 2092 componendis
709 2012 798 2083 (iecit
817 2011 917 2070 autem
936 2011 1094 2088 piurimoa)
1121 2017 1153 2071 ct
1171 2013 1263 2072 eden·

266 2106 314 2165 dis
334 2107 377 2165 ita
396 2112 530 2165 versatus
551 2114 614 2180 ent,
636 2115 669 2167 ut
688 2112 753 2165 arte
773 2112 905 2165 uteretur
925 2126 1011 2183 quam
1029 2108 1154 2168 maxima
1174 2113 1264 2185 atque

265 2240 450 2251 -n-n--n—-n

272 2332 276 2361 ι
318 2308 364 2375 ⁴⁶)
382 2309 422 2359 Ex
447 2322 539 2359 eorum
563 2306 724 2359 carminibus
751 2307 820 2359 nihii
840 2306 917 2359 nohis
940 2313 1074 2360 servatam
1098 2311 1139 2358 cot
1160 2310 1266 2373 praeter

267 2410 368 2462 paucos
381 2408 475 2444 versun
491 2392 627 2460 Diagorae
643 2398 669 2444 et
687 2391 837 2444 Cleomeni·
853 2392 958 2443 titulum
974 2391 1140 2460 dithyrnmbi
1155 2389 1265 2443 Matia-

267 2496 340 2547 γρος.
375 2477 489 2544 Saepiuo
506 2494 568 2542 eoa,
584 2476 705 2544 inprimis
723 2476 870 2546 Diagoram
894 2477 992 2543 carpsit
1014 2476 1212 2550 Aristophaneo.
1236 2493 1263 2528 v.

267 2562 401 2630 Aristoph.
420 2562 489 2612 Rau.
506 2560 564 2613 323.
583 2561 618 2613 cf.
636 2562 727 2614 Schol.
747 2563 808 2613 Pac.
829 2560 888 2614 83⁰.
907 2561 942 2612 cf.
960 2561 1036 2612 Bode
1053 2562 1070 2612 1.
1089 2563 1106 2612 1.
1125 2577 1151 2627 p.
1168 2558 1227 2611 att.

290 2702 293 2707 .
319 2645 364 2713 ⁴⁷)
381 2646 508 2713 Aequalis
522 2645 580 2697 fere
608 2645 659 2698 init
675 2645 852 2715 Melanippidi
868 2645 972 2713 minori.
1018 2644 1137 2696 Primam
1157 2643 1267 2696 Athenin

267 2730 471 2784 Panathenaicis
492 2729 632 2781 victoriam
650 2732 801 2799 deportavit
817 2732 852 2781 ol.
869 2729 985 2782 Lxxttt
1003 2730 1112 2797 (Schol.
1131 2727 1265 2796 Aristoph.
1302 2726 1314 2748 ‘

267 2816 336 2869 Nun.
353 2814 433 2880 titt.)
457 2821 483 2866 et
505 2814 588 2866 vitam
611 2816 646 2865 ad
668 2804 789 2883 tempora
811 2814 878 2866 belli
900 2811 1114 2883 peloponnesiaci
1136 2813 1266 2879 perduxit.

317 2899 363 2963 48)
384 2898 543 2966 vionagia.
562 2914 584 2947 c.
603 2896 645 2949 1⁰.
679 2900 766 2951 Procl.
785 2914 829 2965 ap.
846 2898 925 2949 Pirot.
943 2899 962 2949 l.
979 2900 997 2950 Ι.
1014 2916 1041 2949 v.
1059 2905 1113 2950 not.
1132 2896 1175 2950 5⁰.

318 2984 365 3049 ⁴⁹)
383 2984 453 3034 Piut.
473 2982 505 3031 de
522 2980 625 3031 musica
642 2998 664 3031 e.
682 2983 764 3032 XXX.
803 2982 979 3032 Pherecrates
1002 2982 1119 3032 comicae
1134 2980 1268 3033 Maricam

270 3067 303 3118 de
325 3065 435 3116 municio
458 3070 610 3129 querentem
635 3068 661 3112 et
683 3064 717 3113 de
734 3062 869 3129 Phrynide
893 3063 1001 3127 quidem
1023 3064 1093 3115 haee
1116 3069 1269 3133 loquentem
1368 3106 1371 3114 .

269 3150 347 3205 Μ·
420 3226 518 3301 thedone
535 3228 561 3284 d’
577 3230 649 3285 idaco
667 3229 809 3303 στρόβιλον
825 3224 950 3299 ἐμβαλών
966 3248 1030 3283 τινα

410 3312 558 3383 ’Κάμπτων
574 3334 607 3383 με
624 3314 671 3368 uni
688 3314 814 3387 στρέφων
831 3308 897 3381 ὅλην
915 3312 1073 3385 διέφθορεν,

409 3394 461 3453 ’Ἐν
477 3398 559 3454 πέντε
576 3402 687 3471 χορδαῖς
703 3393 798 3468 δώδεχ’
818 3395 951 3469 ἁρμονίας
966 3398 1042 3467 ἔχων.

271 3486 368 3542 Notum
389 3490 429 3539 eat
448 3487 518 3552 quod
532 3487 601 3538 inter
616 3488 704 3555 tyram
723 3489 750 3537 et
769 3484 902 3537 citharam
916 3484 1098 3537 intercedebat
1117 3482 1268 3539 discrimen.

272 3574 302 3625 ln
316 3559 457 3640 tyra'entm
469 3572 591 3639 cingulae
601 3571 719 3622 chordae
726 3569 846 3639 cingulos
852 3587 929 3621 nonos
935 3571 1057 3634 edebant,
1077 3574 1106 3621 at
1117 3576 1157 3620 eat
1166 3570 1193 3621 io
1203 3571 1269 3621 hao-

270 3656 313 3725 pia
329 3656 434 3719 noemin,
452 3654 479 3707 in
497 3654 602 3707 eithara
620 3661 710 3708 autem
724 3654 848 3707 similiter
858 3661 887 3707 ut
899 3654 925 3706 in
939 3662 1028 3706 nostra
1040 3654 1144 3706 cithara
1155 3672 1187 3707 ex
1201 3670 1269 3707 una-

273 3756 378 3808 quaque
393 3740 495 3792 chorda
507 3742 596 3807 piare·
607 3740 665 3793 noni
688 3738 748 3791 elici
761 3745 891 3807 poteraut
917 3742 953 3805 cs.
976 3740 1206 3791 Univeraaticaicoo
1224 3740 1270 3791 der
1291 3760 1296 3768 ·

189 3886 197 3897 .
276 3826 405 3877 hhnhonat
416 3842 466 3876 ooo
477 3826 614 3892 Schiih'ng.
632 3825 725 3876 Forhel
739 3825 829 3876 Geach.
843 3824 868 3875 d.
886 3826 922 3875 hd.
934 3831 995 3876 tom.
1002 3824 1037 3875 Π.
1043 3842 1071 3890 p.
1077 3822 1136 3874 aul.
1146 3832 1199 3875 not.
1209 3822 1269 3879 381.

272 3910 330 3963 lam
342 3909 423 3979 igitur
436 3908 541 3962 eithara
551 3908 713 3976 Phrynidem
725 3926 840 3975 eumque
856 3907 970 3959 formae
978 3906 1093 3975 primam
1104 3906 1172 3959 inter
1183 3907 1269 3960 Grae-

266 4010 319 4045 ·coo
331 4011 408 4047 nrum
425 4010 492 4057 eene,
509 3994 627 4046 evethio
641 3993 695 4045 iiiia
708 3992 790 4045 facile
802 3991 944 4071 colligitur.
977 3991 1046 4043 liam
1059 4009 1111 4043 nou
1126 3991 1178 4043 nini
1193 3993 1220 4044 in
1237 4007 1272 4044 ea

273 4078 413 4132 duodecim
437 4078 592 4130 harmoniae
618 4077 731 4145 quinque
757 4078 864 4130 chordis
885 4078 964 4128 edera
990 4083 1016 4128 et
1040 4075 1116 4143 quani
1139 4074 1270 4129 vorticem

273 4178 398 4215 annornm
414 4163 544 4215 flexurum
560 4160 773 4229 minutorumque
790 4161 900 4213 efficere
917 4166 1031 4229 poterat.
1069 4162 1194 4214 Ceterum
1211 4161 1271 4229 pari

273 4248 354 4300 modo
371 4246 559 4314 Ariotophanee
580 4263 684 4315 quoque
703 4247 791 4315 (Nuh.
808 4244 868 4298 tot.
887 4245 921 4297 ci.
939 4245 1050 4311 scoot.)
1067 4245 1196 4297 manicam
1214 4245 1271 4296 eina

272 4331 374 4384 notavit
389 4338 419 4385 ut
434 4330 646 4386 artificioaiorem
659 4331 857 4385 etmolliorem.
891 4328 944 4382 Sed
956 4330 1076 4383 Phania·
1092 4330 1269 4397 npudhthon.
1313 4372 1317 4377 .

273 4415 342 4469 xlv,
359 4432 385 4485 p.
399 4414 459 4473 ⁶38·
474 4416 639 4489 thynnam
661 4415 735 4475 iuxta
752 4416 940 4485 Terpandrnm
955 4414 1090 4480 nominat,
1113 4419 1194 4481 atqua
1209 4411 1270 4465 dri·
