3259 5367
725 584 773 657 15

254 766 352 843 aliqua
378 764 526 842 exparte
553 780 636 821 suana
661 762 790 823 indolem
810 758 869 822 sibi
888 776 1039 833 servasse,
1066 762 1154 841 plura
1178 768 1256 838 sunt,

255 878 332 939 quae
356 858 492 937 probent.
555 856 685 917 Primum
715 860 807 931 enim,
840 874 929 934 qaum
954 862 1083 917 metrum
1110 864 1256 919 mutatum

255 962 353 1027 esset,
379 956 551 1015 hexameter
576 953 741 1031 dactylicus
766 972 863 1032 neque
887 958 952 1011 tum
976 972 1073 1031 neque
1098 961 1203 1032 postea
1229 956 1258 1015 ei

256 1048 711 1131 prorsus-detmetosesti1);
747 1050 854 1110 deinde
879 1048 1008 1107 earmina
1033 1043 1177 1127 quaedam
1203 1063 1257 1111 uo-

255 1148 335 1207 mine
351 1144 451 1225 νόμος
464 1146 653 1227 appellantur
672 1148 758 1207 etita
778 1145 1003 1221 adithyrambis
1020 1143 1256 1225 distinguentem

255 1243 382 1321 denique
402 1242 578 1303 Aristoteles
603 1243 633 1302 in
658 1242 734 1303 libro
763 1240 801 1301 de
828 1246 894 1300 arte
912 1239 1046 1317 poetica,
1077 1242 1129 1301 uhi
1156 1242 1257 1322 poesis

255 1357 364 1419 genera
392 1344 563 1411 enumerat,
593 1338 767 1417 plerumque
796 1356 850 1416 pro
876 1335 969 1414 lyrica
994 1336 1198 1414 dithyrambos
1226 1344 1259 1401 et

253 1452 358 1495 nosnos
377 1435 519 1509 nominat,
540 1433 651 1514 qnippe
670 1453 746 1511 quae
762 1433 920 1511 primariae
939 1433 1003 1491 eius
1023 1435 1138 1511 speeies
1148 1440 1259 1499 meent.

254 1530 321 1591 lloo
336 1530 369 1615 pi
387 1538 522 1591 tenemus
543 1537 574 1589 et
592 1532 789 1603 advertimus,
821 1548 912 1589 unum
939 1535 1021 1589 oerte
1041 1548 1160 1590 osrmen
1178 1531 1260 1591 nomi

255 1627 374 1687 nomine
399 1625 577 1705 appellatum
607 1625 848 1695 commemorari,
876 1643 935 1703 quo
958 1643 1018 1685 non
1044 1626 1168 1705 Apollo,
1204 1628 1260 1688 sed

253 1722 396 1782 victoriae
407 1722 590 1785 Graecorum
601 1724 639 1783 da
653 1721 752 1783 Pereia
762 1724 939 1800 deportatae
950 1721 1116 1783 celebratae
1125 1724 1186 1784 sint
1197 1719 1258 1801 ⁵¹),

254 1818 398 1895 suspicari
424 1817 493 1878 lieet
519 1818 592 1879 illud
618 1837 724 1879 nomen
753 1817 841 1879 latius
868 1818 1063 1895 pertinuisse,
1098 1819 1190 1892 adeo,
1225 1825 1259 1880 ot

255 1932 313 1973 non
343 1914 439 1973 solnm
457 1913 561 1990 hymni
580 1915 609 1975 in
628 1914 814 1993 Apollinem,
845 1915 898 1973 sed
920 1915 1039 1975 omnino
1064 1915 1191 1976 earmina
1211 1915 1259 1976 his

254 2009 405 2081 similiora,
425 2026 513 2085 qnam
533 2009 738 2088 dithyrambis,
758 2028 795 2069 eo
814 2009 1121 2089 significarenturffl).

332 2104 417 2181 Quae
436 2122 525 2181 quum
544 2106 586 2163 ita
606 2105 682 2177 siut,
703 2123 761 2163 uon
781 2103 947 2165 dubitamus
968 2105 1006 2165 de
1026 2111 1091 2165 tota
1110 2107 1194 2183 poesi
1214 2105 1261 2183 ly-

254 2200 317 2261 rioa
344 2199 425 2259 illius
452 2201 558 2261 aetatis
585 2198 628 2259 ita
655 2200 796 2259 iudicare.
850 2199 892 2258 Ut
917 2200 1025 2259 llaeohi
1053 2200 1149 2260 oultus
1176 2206 1259 2273 tuno,

255 2304 336 2357 uerte
357 2296 499 2371 Athenis,
526 2295 657 2373 reliquos
684 2294 901 2373 magnificentia
928 2313 963 2354 ao
982 2294 1150 2372 frequentis
1169 2315 1260 2374 snpe-

255 2392 421 2464 rsbot⁵⁴),
449 2392 492 2451 sie
518 2391 721 2471 dithyrambos
749 2391 881 2454 omnium
906 2392 1069 2452 earminunr
1089 2398 1156 2451 erat
1174 2410 1260 2452 aooe·

255 2488 425 2569 piissimum
444 2506 478 2547 ao
492 2486 730 2559 celeberrimum,
751 2488 876 2565 eiusque
893 2488 1008 2549 indoles
1027 2488 1058 2547 in
1077 2489 1174 2547 omnia
1193 2488 1260 2549 fere

254 2585 369 2661 reliqua
394 2583 546 2644 transibat.
586 2582 646 2644 Sed
673 2586 802 2644 earmina
828 2602 895 2644 enm
915 2584 1060 2662 Apollinis
1086 2585 1168 2644 oultu
1189 2604 1259 2645 eon-

254 2678 360 2741 iune'ta'
379 2680 586 2758 hsoohloisque
614 2680 814 2741 diversissima
846 2679 883 2739 ab
912 2682 969 2740 heo
997 2680 1177 2759 dithyrambi
1203 2682 1259 2741 do-

255 2777 429 2845 minatione,
465 2777 596 2856 quomrls
624 2794 662 2836 ne
687 2777 743 2837 illa·
767 2776 886 2854 quidem
915 2777 1001 2855 plone
1027 2777 1121 2838 libera
1147 2784 1260 2852 essent,

255 2872 386 2933 omnium
405 2873 532 2933 maxime
552 2872 647 2932 aliena
665 2874 831 2933 manebant.
878 2871 979 2951 Itaque
998 2874 1076 2933 iuxta
1095 2874 1260 2951 dithyram-

255 2970 326 3029 bum
352 2986 456 3027 nomos
483 2984 539 3043 pro
569 2966 663 3025 altera
689 2968 814 3043 quadam
834 2968 937 3045 speeie
958 2969 1066 3044 lyrioae
1084 2970 1186 3047 poesis
1205 2971 1259 3030 hs·

254 3064 390 3124 bebatur.
430 3058 490 3119 Sed
513 3066 621 3136 quanto
640 3060 709 3118 huie
729 3061 914 3136 praestiterit
928 3062 988 3133 ille,
1008 3080 1046 3120 ex
1067 3082 1103 3121 eo
1124 3074 1258 3144 apparet,

255 3156 334 3237 quod
354 3161 462 3234 poetae
481 3154 576 3233 lyrioi,
596 3154 731 3234 inprimis
750 3154 783 3229 ii,
804 3155 854 3233 qni
876 3154 1109 3235 Melanippidem
1129 3162 1258 3239 excipie-

254 3254 326 3313 bant
343 3251 535 3329 ultimamque
552 3252 664 3312 liberae
685 3251 830 3311 Graeciae
850 3256 980 3311 aetatem
1001 3252 1174 3329 explebant,
1194 3254 1260 3334 ple-
1329 3272 1332 3280 ’

254 3366 380 3425 rumque
410 3347 618 3424 dithyrambici
646 3346 883 3411 nominabantur.
935 3348 1128 3408 celeberrimi
1155 3369 1258 3416 eorum

254 3442 434 3503 Philoxenus
456 3442 628 3523 Cytherius,
649 3442 827 3504 Timotheus
847 3442 1000 3518 Milesius,
1021 3441 1161 3505 Telestes
1181 3444 1259 3507 Seli-

254 3540 373 3601 nuntius
395 3538 584 3618 tuernnr⁵⁵).
624 3540 651 3601 A
672 3542 776 3622 quibus
797 3541 824 3603 si
843 3541 972 3620 primum
994 3541 1163 3621 quaerimus
1183 3561 1260 3624 quas

258 3673 436 3699 -τ--ι--η-

308 3736 353 3823 611)
370 3756 439 3808 rtur.
458 3757 492 3811 de
508 3774 577 3811 mus.
594 3777 617 3811 o.
635 3759 660 3812 6.

290 3838 352 3907 '⁵2)
369 3840 470 3894 Nomas
485 3832 532 3895 hie
548 3844 600 3897 fuit
616 3843 762 3897 Timothei.
780 3862 808 3897 v.
825 3843 905 3895 intra.

186 3944 206 3975 v
308 3922 354 3993 ⁵³)
370 3926 483 3979 Praeter
508 3933 598 3981 estere
625 3945 719 3981 aomos
749 3944 782 3981 oo
804 3928 911 3981 ridetur
933 3926 1047 3996 insignis
1066 3926 1163 3990 tuine,
1187 3930 1258 3996 qaod

255 4023 307 4061 uon
325 4011 446 4077 achone,
463 4013 511 4064 sed
529 4013 642 4083 singulis
661 4014 810 4067 artificibus
828 4014 966 4066 edebatur.
1000 4011 1079 4064 Arist
1097 4014 1185 4080 proti
1202 4016 1221 4066 l.
1236 4017 1257 4068 l.

307 4092 352 4159 ⁶⁴)
369 4096 457 4162 Stulta,
477 4097 519 4149 rls'e
537 4097 780 4167 Religionssqrtesre
796 4098 842 4149 der
859 4098 988 4163 flemma,
1005 4115 1032 4165 p.
1050 4094 1109 4149 415.
1127 4115 1168 4165 sq.

309 4175 356 4245 ε5)
369 4180 502 4248 Aequales
517 4182 550 4235 iis
566 4185 647 4249 paulo
662 4184 781 4237 moiores
791 4182 899 4235 fueruat
914 4182 1035 4235 cisesios
1045 4182 1214 4237 Atheniensis
1230 4188 1258 4236 et

257 4264 373 4329 Grexus,
396 4265 483 4318 minor
507 4272 595 4321 atate
615 4266 668 4327 fuit
683 4268 820 4338 Polyidos.
854 4269 978 4335 Quorum
995 4266 1123 4321 cinesias·
1134 4273 1192 4321 tarn
1214 4269 1257 4321 ia·

257 4352 335 4415 ηπ·
356 4354 437 4417 poeta
461 4366 542 4418 quam
559 4353 641 4405 homo
658 4370 772 4421 nequam
788 4352 895 4407 videtur
910 4351 1002 4407 faisw-
1020 4369 1047 4405 r.
1065 4352 1141 4405 llode
1157 4354 1176 4404 l.
1194 4354 1212 4405 l.
1230 4369 1258 4419 p.

254 4430 308 4487 8⁰8
323 4449 363 4503 sq·
397 4434 499 4491 Grexns
520 4441 548 4491 et
569 4436 700 4509 Polyidus
715 4454 767 4493 non
783 4444 895 4507 postas,
916 4438 965 4492 sed
979 4436 1077 4494 made
1091 4436 1214 4502 meam,
1230 4440 1259 4489 ot

820 4544 832 4575 ι
