3259 5367
871 558 923 630 ot

403 729 596 792 antecedente
614 728 779 811 fragmento
802 732 1003 811 eognovimus.
1040 728 1124 804 ὅτις,
1142 730 1222 811 qnod
1241 729 1399 792 Boeekhio

402 831 561 904 praeeunte
571 828 656 885 metri
666 846 754 887 eausa
762 829 873 906 recepi,
892 833 940 887 est
959 828 1023 904 qui
1042 828 1217 905 quidem
1238 827 1279 887 al.
1293 825 1398 906 Viget.

403 919 441 980 de
460 938 503 996 gr.
523 918 594 982 diet
607 920 690 983 idiot.
712 940 737 983 o.
754 922 831 994 ll,5.
870 921 1007 999 vulgaris
1027 930 1125 981 autem
1145 922 1279 983 vocabuli
1298 922 1400 981 forma

402 1009 599 1089 habetdeum
613 1010 677 1087 ὅτις
697 1016 773 1095 apud
786 1023 903 1095 poetas,
922 1016 1068 1095 imprimis
1082 1016 1224 1093 antiquos,
1238 1017 1398 1095 reperitur.

404 1140 443 1155 ··-
456 1106 628 1189 ἥρμοσε...
655 1110 721 1171 Hoe
748 1112 871 1170 verbum
899 1111 1020 1189 proprie
1045 1111 1086 1170 de
1105 1112 1186 1189 lyrae
1210 1111 1325 1170 »fidibus
1357 1112 1398 1172 ad
1474 1161 1475 1164 ,

402 1212 511 1267 eertum
532 1206 712 1266 harmoniam
732 1205 888 1267 tendendis
907 1214 1083 1284 usurpatur,
1111 1206 1163 1265 hio
1181 1213 1280 1265 umen
1299 1208 1340 1267 de
1357 1206 1397 1266 ti-

404 1300 470 1361 laiae
488 1301 684 1360 modulatione
701 1300 811 1359 dietum
832 1310 888 1363 est.
906 1332 943 1345 -
963 1298 1110 1379 Δωρίδος
1129 1298 1305 1362 ἀντίπαλον
1324 1346 1333 1363 .
1356 1344 1366 1362 .
1386 1341 1397 1359 .

402 1394 525 1475 deponis
551 1395 740 1473 appositionis
771 1395 837 1454 loeo
857 1396 895 1454 ad
921 1398 1094 1455 vocabulum
1114 1393 1219 1457 addaiu
1238 1398 1396 1467 secedunt,

402 1499 578 1569 cantumque
594 1490 729 1560 tibiarum
746 1491 946 1549 adversarium
956 1490 1119 1569 significant
1129 1492 1252 1552 Doricae
1269 1490 1397 1564 Musae3
1475 1547 1476 1550 ,

403 1587 568 1647 nominatur
587 1591 685 1643 autem
704 1584 755 1644 ille
775 1582 946 1657 ἀντίπαλος
973 1582 1180 1663 νομοαίοίος,
1209 1587 1396 1648 adversarius
1475 1583 1476 1592 ’

399 1682 513 1761 agiles,
543 1679 654 1739 hilares
681 1680 785 1741 modos
815 1679 944 1755 habeus,
970 1682 1041 1741 dum
1069 1681 1191 1744 liorieus
1210 1690 1314 1743 eanum
1338 1700 1395 1759 por

404 1776 558 1855 epitheton
572 1770 695 1853 ὀρφνᾶς
713 1780 826 1849 taeter,
845 1785 996 1849 austerus,
1015 1778 1108 1837 tristis
1128 1786 1255 1838 notatur.
1295 1774 1396 1837 Verba
1475 1779 1476 1786 ’

404 1872 482 1931 οιιίιιι
501 1870 543 1929 itu
562 1870 736 1929 cohaerente
756 1866 929 1932 ἀντίπαλον
945 1868 1138 1959 νομοαίοίον
1154 1869 1303 1950 Δωρίδος
1317 1869 1396 1949 μού·

403 1976 462 2037 σας
480 1961 612 2043 deponis.
657 1962 736 2024 Mira
763 1966 882 2043 quidem
913 1972 963 2026 est
992 1968 1200 2029 vocabulorum
1230 1968 1395 2042 collocatio,

405 2063 459 2123 sed
483 2062 603 2121 minime
630 2078 647 2119 a
674 2056 803 2121 Telestis
832 2061 963 2123 dietiooe
990 2062 1151 2123 abhorrere
1177 2063 1330 2133 videatur,
1364 2069 1394 2122 et

404 2174 493 2217 eausa
512 2160 650 2235 apparet,
677 2154 716 2212 de
734 2174 792 2231 qua
820 2158 992 2217 vocabulum
1019 2153 1142 2233 ὀρφοοῖς
1168 2178 1187 2217 a
1213 2158 1397 2220 subsuutivo

405 2259 549 2312 remotum
569 2250 649 2309 iuxta
668 2248 862 2327 νομοαίολον
887 2252 1015 2331 positum
1036 2258 1092 2314 est.
1142 2252 1193 2312 Sic
1219 2255 1299 2313 enim
1326 2257 1396 2312 nota

403 2347 459 2408 lsta
478 2353 582 2406 eantus
601 2344 699 2405 Dorioi
720 2346 896 2406 luculentior
920 2353 952 2407 et
972 2344 1075 2405 fortior
1094 2348 1190 2407 evadit
1215 2356 1246 2409 et
1274 2355 1395 2426 quanto·
1477 2343 1478 2390 3

403 2428 476 2520 pere
495 2441 586 2501 tibiae
604 2441 688 2501 lusus
707 2443 949 2524 praestetmagis
970 2440 1160 2520 significatur.
1199 2444 1314 2503 Eodem
1330 2441 1397 2501 lere
1477 2445 1478 2522 ζ

405 2534 499 2597 modo
527 2536 652 2597 uidimus
672 2536 701 2595 in
734 2538 830 2613 primo
856 2536 1026 2616 fragmento
1054 2536 1159 2615 σοφόν
1186 2540 1268 2599 iuxta
1288 2534 1397 2613 σοφοίν

406 2651 473 2693 οοιιι
494 2632 523 2690 vl
544 2631 667 2707 quadam
680 2630 856 2690 collocatum
874 2650 950 2693 esse.
993 2632 1076 2692 llaec
1089 2634 1305 2713 interpretatio,
1327 2652 1396 2710 quta-

403 2728 555 2803 llsoonque
576 2728 639 2796 est,
659 2740 695 2782 eo
715 2731 797 2783 certe
816 2724 1052 2800 commendatur,
1082 2730 1160 2805 qnod
1188 2731 1326 2788 librorum
1346 2746 1396 2795 ref

405 2822 492 2900 stigio
511 2820 617 2893 minus,
638 2836 723 2895 quam
746 2819 837 2892 aliae,
864 2819 1009 2897 relinquit.
1064 2822 1139 2883 Nam
1164 2843 1252 2902 quum
1278 2816 1398 2901 ὀρφναί

404 2916 612 2979 mutaverimus
639 2913 670 2973 in
697 2910 835 2993 ὀρφνᾶς,
867 2914 1069 2977 Groteiendus
1104 2920 1259 2997 proposuit
1285 2916 1396 2998 ὀρχρᾷ,

405 3032 464 3093 quo
491 3011 588 3071 sensui
608 3010 694 3069 etiam
715 3012 809 3070 minus
832 3010 996 3070 consultum
1008 3017 1062 3069 est
1104 3012 1277 3072 Huschkius
1296 3023 1397 3076 autem

405 3101 657 3186 οοιιίοοίίόμφοίν,
671 3106 749 3183 quod
768 3105 1082 3184 Schweighaeuseros‚
1103 3126 1192 3184 quum
1213 3115 1296 3169 reete
1315 3109 1394 3169 iudi·

404 3204 512 3265 eoverit
532 3221 621 3262 sensu
649 3220 769 3273 uasere,
790 3199 911 3262 mutavit
929 3200 959 3259 in
980 3196 1089 3281 ὀμφᾷ,
1116 3209 1271 3281 totumque
1299 3204 1396 3265 locum

403 3300 448 3359 ita
484 3298 693 3379 interpretatus
719 3300 781 3355 est:
825 3294 991 3356 llorioae
1020 3296 1155 3356 Musae
1187 3299 1396 3375 aemulum,

404 3394 598 3453 volucrem
619 3410 747 3451 auram
774 3390 901 3450 varias
928 3391 1214 3453 modulationes
1248 3394 1396 3457 admit-

404 3495 548 3550 tentem
568 3506 634 3566 per
653 3487 821 3565 spiritus
848 3484 985 3546 ilatum
1016 3488 1274 3549 arundinibus
1300 3510 1396 3551 eom-

406 3584 596 3662 pleetens.
636 3581 695 3641 Sed
715 3580 889 3642 vocabulum
909 3577 999 3658 ὀμφαί
1018 3581 1139 3661 spiritus
1160 3582 1261 3642 flatum
1282 3586 1397 3665 siguili-

403 3698 472 3739 eare
492 3696 588 3755 neque
608 3677 826 3752 demonstravit,
848 3695 942 3754 neque
962 3677 1155 3737 demonstrari
1175 3696 1263 3757 posse
1279 3698 1395 3743 censeo.

403 3772 513 3836 Verbis
543 3770 749 3853 πνεύματος.
769 3819 778 3836 .
799 3774 979 3851 ,καλάμοις
1001 3774 1148 3852 quomodo
1170 3774 1258 3833 tibiae
1278 3782 1395 3835 rantum

403 3870 529 3930 ediderit
538 3870 730 3931 describitur:
761 3888 828 3930 nam
848 3871 898 3949 qui
918 3870 1038 3948 spiritua
1055 3869 1204 3927 uolucrem
1223 3869 1325 3930 ilatum
1344 3889 1395 3932 ea·

333 3962 337 3973 '
403 3966 487 4025 lamis
507 3963 712 4045 eompleotitur
731 3967 812 4047 ipsas
831 3965 913 4025 inflat
932 3965 1028 4025 tibias.

483 4060 589 4122 Totius
617 4062 709 4142 igitur
733 4062 892 4139 fragmenti
917 4062 991 4120 laneo
1006 4064 1068 4138 vest
1092 4058 1315 4137 interpretatio:
1348 4060 1395 4120 An

403 4156 550 4238 Phrygem
577 4176 678 4237 regem
706 4156 840 4235 (verbum
869 4175 905 4217 ex
932 4154 1173 4216 antecedentibus
1200 4156 1394 4235 supplendum

403 4250 507 4330 erat),
532 4253 582 4332 poi
607 4252 725 4331 quidem
752 4252 864 4335 primus
890 4251 1055 4313 modulatus
1082 4256 1130 4311 est
1148 4258 1266 4311 cautum
1293 4250 1396 4331 pulare

402 4348 567 4411 sonantium
581 4364 728 4409 sacrarum
743 4348 890 4423 tibiarum,
908 4347 1035 4409 luderem
1054 4346 1202 4409 aemulum
1220 4346 1315 4409 tristis
1335 4344 1395 4415 lio·
