3259 5367
393 786 452 831 nou
470 765 528 828 alsi
545 766 587 827 ita
606 769 686 840 orta,
713 768 747 824 nt
764 744 869 825 sordes}
886 765 1054 837 lurconum,
1075 765 1125 843 qui
1143 766 1250 826 eodem
1268 767 1386 831 nomine

386 870 426 925 'et
444 862 549 923 eadem
569 860 634 921 iere
652 865 749 919 aetate
767 866 922 921 uterentur
940 866 1028 938 atque
1047 860 1205 937 cytherius
1225 869 1336 940 poeta,
1353 866 1386 927 in

391 958 469 1021 hunc
496 958 572 1017 falso
597 955 753 1016 translatae
780 956 845 1017 siut.
884 957 945 1016 lam
972 956 1012 1015 de
1039 956 1088 1015 his
1113 956 1284 1017 lurconibus
1316 960 1386 1038 qnid

393 1054 581 1114 statuendum
601 1052 656 1123 rit,
684 1050 843 1111 videamus.
883 1052 1064 1111 Mentioncm
1084 1070 1188 1111 corum
1216 1072 1308 1129 uuum
1335 1056 1386 1115 alii

391 1149 505 1209 iaciunt
524 1153 585 1207 tum
599 1146 776 1218 Athenaeus,
796 1148 846 1225 qui
865 1141 886 1206 l.
905 1167 934 1226 p.
955 1150 984 1204 ⁵.
1001 1149 1072 1206 h—
1085 1150 1114 1204 6.
1132 1164 1157 1206 c.
1177 1150 1253 1209 haec
1271 1149 1385 1211 relertr

391 1243 583 1304 Philoxenum
618 1241 796 1301 Leucadium
828 1242 975 1301 famosum
1006 1243 1166 1320 parasitum
1202 1244 1386 1323 eundemque

390 1346 507 1419 poetam
527 1338 637 1411 luisse;
657 1356 763 1415 poema
782 1356 851 1397 eum
869 1339 1019 1416 pepigisse
1038 1340 1181 1399 Δεῖπνον
1199 1340 1384 1417 inscriptum,

391 1435 475 1495 cuius
496 1434 606 1511 aliquot
634 1452 735 1491 versus
760 1434 789 1493 in
810 1434 949 1493 Phancne
968 1432 1098 1493 Plutonia
1127 1435 1231 1494 comici
1251 1437 1384 1513 legaruur

390 1530 459 1605 (hos
478 1531 569 1607 iprcs,
590 1528 694 1605 quihus
714 1546 761 1586 ars
781 1530 913 1587 eihcrnm
921 1530 1118 1605 parandorum
1140 1530 1274 1603 docetur,
1291 1531 1384 1590 Athe·

389 1641 481 1684 naeus
509 1622 666 1699 servarit);
694 1623 895 1701 placentarum
921 1644 1012 1702 genus
1039 1627 1075 1685 ah
1108 1643 1144 1683 eo
1171 1641 1278 1685 nomen
1297 1642 1385 1685 acce-

389 1719 472 1799 pisse
493 1722 561 1797 89);
588 1736 621 1777 ox
642 1723 673 1777 et
692 1738 795 1778 manus
816 1739 883 1779 eum
903 1720 996 1779 calida
1017 1738 1092 1796 aqua
1110 1719 1247 1797 perluere
1265 1720 1384 1781 solitum

388 1815 494 1887 fuisse,
514 1822 547 1873 ut
560 1814 713 1873 celerrime
727 1816 808 1874 cibos
824 1815 972 1874 ferventes
986 1815 1126 1875 devorare
1145 1822 1256 1893 posset.
1298 1816 1385 1891 Quod

389 1910 506 1987 quidem
526 1910 577 1969 uhi
597 1910 725 1987 scriptor
745 1911 858 1970 monuit
877 1931 894 1969 a
913 1910 1059 1970 nonnullis
1079 1911 1167 1969 etiam
1188 1909 1226 1969 de
1244 1910 1386 1989 cytherio

389 2002 550 2064 Philoxeno
572 2012 601 2064 et
621 2006 684 2065 sliis
704 2007 831 2081 narrari,
852 2007 892 2065 ita
911 2008 1023 2085 pergit:
1042 2004 1238 2065 Philoxenum
1259 2005 1310 2082 40)
1331 2006 1384 2066 do-

388 2117 453 2159 mos
474 2100 645 2160 circumitae
672 2120 738 2160 cum
759 2102 881 2180 pueris,
908 2104 957 2180 qui
983 2102 1168 2161 condimenta
1196 2099 1325 2173 ferrent,
1353 2108 1404 2171 et,

390 2195 483 2270 cibos,
504 2215 578 2275 quoa
598 2197 757 2256 invenieret
777 2204 889 2269 coctos,
911 2197 1076 2257 condivisse
1095 2203 1185 2273 atque
1204 2195 1288 2255 aride
1302 2214 1383 2255 com-

386 2290 494 2352 edisse.
535 2291 649 2351 Eodem
669 2292 757 2353 modo
777 2311 845 2351 eum
860 2274 1012 2368 Ephesum
1032 2293 1187 2370 aliquando
1205 2291 1384 2370 proiectum,

386 2405 475 2464 quum
496 2387 593 2447 lorum
614 2389 773 2447 invenisset
792 2388 920 2446 obsoniis
941 2388 1137 2461 destitutum,
1157 2406 1214 2446 non
1233 2388 1383 2447 invitatum
1481 2387 1482 2392 ’

387 2480 424 2540 ed
445 2481 607 2539 convivium
626 2480 758 2558 nuptiale
778 2483 941 2552 necessisse
967 2490 999 2543 et
1017 2483 1213 2561 hymenaeum
1234 2490 1383 2555 cantasse3
1481 2481 1482 2556 j

387 2575 446 2653 duo
467 2594 556 2651 quum
576 2592 678 2634 omnes
695 2575 781 2634 valde
801 2576 989 2651 delectasset,
1010 2596 1150 2657 sponsum
1172 2598 1240 2637 eum
1256 2596 1384 2655 rogasse,

386 2679 422 2733 ut
440 2678 561 2749 postero
583 2670 632 2727 die
653 2671 689 2728 ad
708 2670 812 2747 epulae
831 2691 899 2730 suas
920 2675 1048 2747 rediret,
1068 2674 1261 2742 Philoxenum
1282 2680 1382 2733 autem

385 2767 577 2843 respondisse
598 2783 632 2823 se
651 2772 804 2824 venturum
828 2785 913 2839 esre,
935 2768 960 2825 si
979 2770 1103 2829 obsonia
1122 2771 1201 2829 nulla
1221 2765 1384 2829 venderen-

385 2869 435 2922 tur
455 2864 518 2939 41).
557 2860 671 2919 Deinde
691 2860 861 2921 Athenaeus
880 2862 1042 2941 Theophili
1060 2865 1150 2925 verba
1169 2865 1298 2939 exhibet,
1320 2863 1385 2943 qui·
1481 2869 1482 2872 ’

385 2994 584 3010 Ἥ

438 3061 484 3129 ³⁹)
502 3060 536 3113 cf.
554 3060 657 3113 Polluc.
675 3077 718 3113 on.
739 3062 784 3124 Vl,
800 3061 843 3115 78.

437 3144 483 3209 ⁴⁰)
500 3146 664 3199 Leucadium
681 3148 753 3199 hunc
776 3164 835 3199 esee
854 3146 1032 3198 Philoxenum
1048 3160 1082 3195 cx
1096 3143 1164 3208 ipsis
1177 3146 1308 3201 Athenaei
1323 3163 1386 3199 rar-

385 3230 428 3283 his
445 3234 565 3297 apparet.
600 3227 682 3279 Redit
699 3227 769 3279 enim
786 3246 812 3294 p·
829 3227 855 3279 6.
875 3243 900 3278 ιι.
918 3228 976 3279 eius
993 3226 1077 3279 oratio
1095 3227 1130 3278 ad
1147 3244 1224 3289 eum,
1241 3231 1285 3281 cui
1301 3236 1386 3283 totum

386 3314 464 3365 illum
481 3314 570 3363 locum
587 3310 686 3363 tribuit.
721 3310 794 3361 Male
812 3310 895 3379 igitur
911 3311 1014 3363 facturn
1031 3317 1071 3362 ext
1086 3326 1104 3361 u
1120 3308 1186 3361 viris
1203 3308 1295 3373 doctis,
1312 3314 1385 3379 quod

267 3427 270 3431 -
385 3397 564 3449 Philoxenum
582 3391 738 3460 cytherium
755 3410 822 3459 esse,
841 3395 874 3445 de
892 3412 943 3462 quo
960 3396 1011 3447 ista
1027 3399 1134 3445 narrata
1151 3392 1212 3458 sint,
1229 3400 1385 3450 statuerunt.

387 3479 620 3531 commemoratur
637 3476 744 3542 quidem
762 3479 829 3530 Phil.
849 3480 928 3546 cyth.
946 3478 971 3529 5.
988 3478 1017 3544 f,
1036 3478 1083 3528 sed
1101 3494 1162 3528 cum
1180 3494 1212 3529 eo
1230 3479 1313 3530 etiem
1330 3480 1386 3542 alii,

385 3579 454 3631 quos
475 3563 626 3615 Athenaeus
655 3562 801 3615 orationem
823 3563 994 3631 intercipiens
1014 3566 1089 3613 notat
1112 3578 1129 3614 a
1151 3562 1311 3631 quibusdam
1332 3563 1386 3616 dici

384 3648 457 3701 idem
473 3646 586 3706 fecisse,
605 3645 674 3713 quod
690 3645 746 3712 ipse
762 3648 843 3700 modo
866 3650 899 3699 de
917 3648 966 3699 Ph.
984 3646 1119 3698 Leucadio
1136 3648 1266 3700 narrarit.
1299 3649 1386 3701 Recto

384 3731 481 3787 Suidns
499 3726 591 3793 Φιλόξ.
610 3728 698 3797 alnoo.
725 3730 814 3783 omnia
831 3732 879 3785 illa
902 3733 937 3783 ad
952 3730 1133 3784 Philoxenum
1149 3732 1315 3784 Leucadium
1339 3748 1384 3784 ra-

384 3816 445 3871 iert.
480 3816 540 3883 Quo
556 3814 615 3868 iure
632 3822 723 3869 autem
737 3817 813 3869 illam
830 3834 935 3884 quoque
949 3815 1175 3869 narratiunculam
1192 3818 1225 3869 da
1236 3816 1386 3869 Philoxeno

385 3900 518 3953 maiorem
533 3902 647 3953 mullum
671 3916 688 3953 a
704 3900 832 3969 Dionysio
849 3907 1004 3968 expetente,
1023 3916 1103 3968 quam
1120 3894 1201 3970 aupr‘a
1216 3900 1332 3953 vidimus
1349 3899 1386 3952 ah

383 3984 522 4038 Athenaeo
539 3985 574 4036 ad
591 3985 766 4039 Philoxenum
785 3985 942 4053 cytherium
959 3987 1072 4038 'relatam
1088 4002 1146 4037 esee
1168 3988 1208 4051 (v.
1225 4003 1252 4053 p.
1270 3982 1312 4040 23.
1330 3988 1386 4035 not.

382 4067 449 4135 lta),
466 4069 515 4120 auh
533 4068 639 4121 nomine
656 4070 796 4123 Philoxeni
813 4070 941 4121 Leucadii
964 4069 1122 4133 exhibuerit,
1139 4085 1190 4119 uon
1205 4057 1310 4133 liquet(
1332 4068 1386 4119 cr-

384 4157 473 4207 terum
491 4158 643 4219 corruptum
660 4152 726 4206 illud
743 4152 883 4206 Philoxeni
897 4170 1043 4224 cognomen
1059 4153 1087 4205 in
1104 4153 1181 4205 libris
1199 4151 1299 4204 Suidae
1315 4151 1387 4222 legi-

385 4241 429 4293 uu
447 4233 591 4301 Φιλόξενος
607 4238 774 4293 Λευκαδίαν
791 4232 840 4304 ὂψ.
857 4242 886 4289 et
900 4254 922 4294 s.
939 4256 966 4291 v.
986 4242 1087 4305 Τιμαχ.
1104 4267 1138 4278 -
1154 4235 1306 4290 Κλαυδίου.

434 4319 481 4388 ⁴¹)
500 4320 572 4373 Huic
589 4320 697 4388 quidem
713 4321 928 4375 narratiunculae
945 4322 1018 4397 addit
1033 4323 1134 4395 ¹verim:
1152 4312 1189 4389 ἦν
1206 4319 1237 4375 δὲ
1249 4321 1386 4389 decreue-

270 4472 271 4477 η
384 4404 516 4477 fiuntdc,
540 4406 637 4475 quibua
660 4421 723 4461 saue
740 4404 918 4461 Philoxenum
935 4405 1092 4477 cytherium
1108 4404 1214 4461 ridetur
1227 4404 1387 4474 respexisse.
