3259 5367
726 602 771 671 21

259 798 351 862 quoa,
373 796 444 859 quos
463 778 550 840 huius
570 777 615 839 rei
634 780 728 837 testes
747 775 906 846 habemus,
936 791 1037 835 errore
1056 774 1162 835 ductos
1181 776 1250 836 esse

260 892 442 938 censeamus.
483 873 603 934 Patrem
631 872 736 933 hahuit
761 866 980 950 Eulytidam⁶).
1026 868 1087 930 Sed
1111 876 1171 930 tam
1199 888 1251 949 pa·

260 972 317 1045 tre,
338 990 423 1050 quam
442 972 536 1050 patria
556 974 671 1029 mttere
691 966 851 1027 destitutus
872 973 929 1026 est·
966 965 1081 1025 Accidit
1101 966 1195 1041 enim,
1215 969 1252 1025 ut

261 1066 398 1143 Cytheris
415 1066 589 1145 expugnatis
602 1060 792 1137 Philoxenus,
811 1067 937 1122 aetatem
957 1054 1251 1139 puerilem‘nondnm

260 1179 419 1239 egressus,
456 1180 533 1221 eum·
554 1160 618 1219 aliis
651 1158 755 1217 incolis
785 1158 815 1217 in
845 1155 1026 1215 servitutem
1046 1154 1251 1216 abduceretur.

261 1254 326 1331 Quo
353 1272 428 1313 anno
457 1260 488 1315 et
515 1275 572 1333 qua
598 1253 755 1315 occasione
774 1254 832 1312 hoc
851 1251 962 1311 lactum
990 1250 1044 1323 sit,
1070 1269 1089 1308 a
1108 1250 1250 1331 mnas),

260 1332 309 1427 ay'ui
336 1349 423 1411 haec.
439 1352 598 1411 memoriae
624 1349 772 1427 prodidit,
802 1366 860 1407 nou
887 1347 967 1406 clare
993 1345 1174 1405 enuntiatum
1193 1352 1250 1405 cst.

248 1440 378 1521 ¹llltenian
408 1446 509 1523 paucis
543 1449 670 1505 tantum*
690 1444 785 1505 verbis
805 1440 834 1522 ⁸)
877 1448 941 1501 tum
966 1439 1161 1500 Philoxenum
1188 1434 1252 1501 a'er-

259 1555 328 1597 rum
355 1540 505 1597 uenditum
528 1558 596 1599 esse
621 1538 710 1609 dicit,
737 1556 826 1615 quum
845 1533 1068 1597 Lacedaemonii
1093 1534 1254 1613 Cytherius
1328 1593 1330 1598 .

259 1634 288 1692 iu
308 1632 479 1691 servitutem
499 1632 652 1706 duxerint3
682 1639 769 1710 atque
788 1632 820 1691 id
839 1633 936 1711 ipsum
956 1632 1062 1714 mirum
1083 1637 1146 1705 est,
1174 1631 1254 1709 quod

259 1744 314 1804 per
333 1725 579 1797 Lacedaemonios
606 1729 643 1787 iis
664 1728 812 1789 fortunam
838 1728 924 1788 istam
944 1732 1076 1806 paratam
1095 1744 1164 1786 esse
1182 1744 1254 1786 uar-

259 1827 316 1884 rat.
356 1821 430 1881 Nam
451 1838 508 1885 non
527 1823 576 1882 ilia
597 1825 714 1884 demum
733 1824 889 1883 Philoxeni
912 1829 1019 1891 aetate,
1040 1822 1094 1881 sed
1112 1823 1172 1881 iam
1191 1820 1253 1900 pri·

260 1915 328 1975 dem
345 1916 594 1977 Lacedaemonios
613 1918 689 1978 hanc
707 1919 833 1979 insciam
851 1920 882 1979 in
903 1918 1044 1980 ditionem
1062 1935 1147 1976 suam
1165 1903 1254 1977 rede-

259 2010 339 2089 gisse
357 2009 466 2069 nemini
487 2018 585 2089 potest
603 2012 724 2071 dubium
744 2032 829 2087 esse,
850 2014 911 2090 qui,
931 2016 963 2071 et
981 2030 1069 2089 quam
1088 2016 1255 2089 opportune

260 2104 298 2163 ad
319 2104 469 2180 regionem
491 2104 666 2165 Laconicam
687 2107 744 2164 sita
765 2108 820 2178 sit,
840 2111 874 2164 et
890 2123 979 2183 quam
998 2105 1145 2166 nemiuem
1162 2104 1255 2166 liniti-

259 2216 376 2259 morum
404 2218 421 2257 a
447 2199 551 2277 primis
576 2199 759 2276 temporibus
779 2199 1006 2259 Lacedaemonii
1023 2201 1166 2261 intachrm
1185 2200 1256 2259 reli-

260 2295 392 2372 querint,
417 2296 607 2373 reputaverit.
647 2292 747 2367 ltatyue
772 2291 885 2353 Suidae
908 2294 1041 2351 rrarratio
1064 2312 1123 2351 non
1141 2293 1258 2353 videtur

259 2390 298 2450 ed
326 2408 410 2463 earu,
448 2408 504 2466 qua
534 2390 660 2466 primum
689 2386 819 2464 Cythera
848 2386 1152 2445 Lacedaemoniorum·
1177 2388 1256 2448 lacta

262 2489 340 2557 sunt,
362 2484 585 2561 occupationem
605 2481 720 2554 relcrri,
742 2482 920 2558 omninoque
940 2481 988 2539 vix
1003 2480 1137 2560 expediri
1156 2500 1256 2560 posse,

260 2578 319 2639 nisi
345 2585 508 2638 statuamus
536 2599 553 2637 a
572 2577 813 2637 Lacedaemoniis
834 2577 993 2653 Cytherius
1019 2576 1077 2635 iam
1097 2585 1166 2637 aute
1184 2580 1256 2640 suh·

263 2678 345 2732 actes
360 2674 531 2748 rebellasse,
552 2674 755 2751 aiquciterum
775 2672 868 2731 victos
887 2672 964 2730 lianc
983 2690 1106 2748 poenam
1119 2672 1256 2748 subiisse,

261 2772 312 2837 ut,
342 2786 381 2826 ne
406 2768 501 2828 dicam
528 2786 645 2841 omnes,
676 2786 781 2845 magna
808 2784 909 2825 eorum
937 2784 1006 2844 pars
1032 2766 1062 2826 in
1082 2768 1257 2827 servitutem

262 2864 462 2941 migraverint.
503 2864 606 2937 Quod,
637 2862 663 2918 si
688 2871 805 2939 tempus
825 2860 1017 2937 respicimus,
1045 2879 1105 2920 nou
1123 2864 1258 2939 potuisse

261 2974 321 3015 uon
355 2956 469 3013 lactum
506 2974 572 3014 esse
613 2954 803 3029 intelligimus
836 2956 1014 3029 aliquamdiu
1048 2961 1117 3031 post
1149 2952 1257 3016 aunum

263 3047 510 3115 CCCCXXXV.,
540 3064 597 3121 quo
617 3045 796 3102 Philoxenus
814 3049 901 3101 natus
921 3049 985 3113 est,
1013 3051 1044 3102 et
1063 3054 1131 3106 ante
1150 3070 1257 3110 anuum

263 3140 485 3210 CCCCXXW„
507 3158 564 3217 quo
578 3138 769 3215 Thucydides
780 3140 810 3215 ⁹)
830 3137 924 3198 refert
935 3138 1185 3200 Lacedaemonius
1197 3146 1258 3221 Cy-

156 3310 165 3319 ,
261 3237 346 3297 thera
374 3232 500 3293 insulam
530 3235 663 3295 tenuisse
691 3252 726 3291 ac
757 3252 862 3311 magna
889 3252 958 3292 cura
983 3234 1181 3311 guhemas'se3
1214 3239 1276 3299 itu.

261 3336 297 3389 ut
314 3328 511 3401 Philoxenus,
540 3347 628 3406 quum
648 3328 678 3386 in
699 3328 871 3389 servitutem
892 3330 1103 3404 abduceretur,
1128 3333 1258 3395 noudum

261 3424 300 3484 ad
320 3424 506 3483 undecimum
526 3424 631 3483 aetatis
652 3441 757 3482 annum
778 3430 937 3500 provectus
957 3424 1058 3498 luerit,
1079 3446 1155 3503 qnae
1174 3437 1257 3489 aetas

261 3516 371 3577 Saldae
397 3518 494 3577 verbis
523 3538 609 3593 oasam
630 3518 756 3576 maxime
777 3520 923 3579 convenit.
962 3516 1077 3580 Verum
1097 3521 1258 3598 Cytherius
1290 3519 1295 3523 ’

260 3612 416 3691 aliquando
445 3612 655 3691 Spartanorum
693 3612 919 3674 dominationem
955 3615 1083 3675 abiicere
1110 3622 1142 3676 et
1168 3617 1257 3677 armis
1361 3649 1366 3655 ·

267 3744 459 3756 ——-.-.

330 3813 358 3879 ⁶)
375 3812 420 3865 Sic
433 3826 529 3861 nomen
547 3810 640 3877 optimi
657 3813 720 3865 libri
735 3812 870 3877 exhibant,
888 3816 951 3866 lect.
967 3814 1043 3881 vulg.
1063 3804 1227 3879 Ea’lntidoa.
1252 3856 1254 3860 .
1289 3777 1292 3834 ἰ

329 3893 358 3962 ⁹)
375 3895 529 3963 Hesychius
549 3913 652 3962 quoque
671 3898 751 3963 (1.1.)
768 3898 845 3949 illum
863 3897 1002 3950 Philoxeni
1018 3895 1198 3956 calamitatem
1210 3885 1259 3951 htu'

262 3985 467 4033 commemoret:
486 3978 629 4032 Aorlluva.
653 3979 702 4033 τὸν
718 3979 852 4047 μουσικὰν
871 3981 1030 4044 Φιλόξενον·
1048 3976 1143 4046 ἐπειδὴ
1160 3980 1259 4043 δοῦλος
1355 4045 1361 4052 ,

260 4060 379 4131 ἐγεγόνει
396 4060 411 4116 ὁ
430 4060 581 4127 Φιλόξενος.
604 4054 639 4129 ἦν
655 4062 686 4117 di
703 4060 734 4116 τὸ
752 4062 830 4129 γένος
845 4062 999 4132 Κυθήριος.

332 4147 361 4213 ⁸)
381 4138 470 4207 Οὗτος
493 4141 771 4217 ἀνδραποδισθέντων
801 4147 857 4200 τῶν
878 4148 1021 4217 Κυθήρων
1043 4144 1099 4201 sind
1121 4149 1259 4203 Austac—
1351 4210 1356 4219 1

260 4228 365 4299 parler
383 4225 629 4297 (semiclausi.
646 4232 769 4299 Rainaa.)
787 4227 931 4299 ἠγοράσθη
945 4228 1000 4287 aizal
1017 4225 1157 4300 hyeoitaa
1172 4230 1257 4295 rurale,

260 4310 308 4369 aiat
324 4308 477 4470 pp'lpyalrboari
494 4312 608 4387 ἐτράφη,
624 4312 671 4369 nael
686 4314 810 4386 Μνρμηξ
825 4310 956 4370 ἐκαλεῖτο.

410 4435 418 4465 ,
466 4436 472 4451 .
