3259 5367
612 602 614 607 ·
723 565 772 637 'ii

250 740 317 802 lam
337 740 415 801 enim
435 742 548 801 consui
565 742 668 819 poetas
684 756 805 821 gracum
816 738 1065 819 praepositionem
1083 734 1137 801 ono
1154 737 1242 801 etiam

251 842 321 897 tum
351 854 417 897 cum
444 836 610 902 accusativo
638 836 832 913 coniungere,
857 851 947 911 quum
972 834 1099 913 spatium
1123 823 1241 913 eliquod

189 956 193 971 ο
250 931 401 1009 permeari
419 928 526 1005 dicant,
546 948 603 1009 quo
622 948 711 991 sensu
729 927 836 1007 reliqui
861 929 1022 1007 scriptores
1042 931 1141 1009 potius
1159 923 1242 1008 geni-

252 1024 350 1085 tivum
377 1043 520 1103 usurpare
547 1023 653 1083 solent.
691 1022 791 1083 Verba
816 1028 915 1084 autem
942 1024 986 1083 ita
1004 1025 1180 1098 cohaerent,
1207 1032 1244 1084 ut

253 1118 417 1180 secundum
440 1136 556 1197 quoquo
582 1115 636 1178 doci
661 1117 699 1177 ad
726 1117 866 1177 combula
891 1116 1028 1180 κυάνεον
1045 1118 1144 1181 πόλον
1162 1117 1243 1179 reie-

253 1214 384 1274 rendum
394 1215 432 1274 sit
451 1222 482 1274 et
499 1213 535 1273 ab
555 1214 602 1273 his
622 1214 737 1290 genitivi
757 1212 884 1290 ἄστρων
904 1221 935 1276 et
954 1210 1128 1275 ὠκυτόκοιο
1147 1210 1243 1274 Σελά-

252 1327 316 1381 νοις
341 1309 496 1387 pendeant.
564 1305 709 1381 Κνοίνεος
732 1306 830 1381 πόλος
856 1314 905 1370 est
929 1309 1095 1371 caeruleum
1120 1306 1243 1371 coelum.

256 1402 367 1475 Πόλος
394 1402 472 1464 enim
499 1420 556 1463 non
582 1404 677 1464 solum
705 1403 801 1483 ipsum
821 1404 970 1464 stellarum
990 1405 1160 1477 circuitum,
1190 1405 1246 1465 aed

255 1500 346 1559 etiarn
366 1498 463 1559 locum
485 1498 638 1576 significat,
659 1518 716 1577 quo
736 1499 977 1578 circumaguntur.
998 1500 1038 1558 cf.
1058 1500 1095 1559 ir.
1113 1498 1164 1561 Xl.

389 2232 462 2317 „ml
484 2232 512 2307 ι’
536 2224 563 2308 ὦ
586 2235 644 2311 τὸν
669 2235 719 2310 ciel
742 2235 849 2311 πόλον
871 2233 1026 2332 cincinno
1128 2272 1132 2279 ·

390 2349 514 2428 ὀἶκτῖσι
536 2358 696 2447 λαμπραῖς
711 2350 803 2427 Ἥλιε
826 2350 966 2448 βάλλων,

410 2468 540 2561 diutino
564 2470 719 2564 ἐκαβόλον
743 2472 874 2565 ἐχθροῖς
896 2470 992 2564 {iilos

403 2590 466 2674 σοῖς
490 2582 556 2659 ἀπὸ
578 2593 708 2683 νευρᾶς,
734 2583 895 2680 haudd).

337 2696 378 2757 Hi
394 2717 496 2762 veram
513 2701 745 2782 splendidissimi
767 2703 942 2765 exhihentur
955 2716 971 2757 a
985 2695 1136 2758 lllacrohio
1149 2692 1210 2757 Sat.
1222 2695 1247 2772 1,

258 2767 306 2855 li.
340 2794 387 2853 hlx
405 2812 518 2871 paeane
537 2816 589 2857 eoa
608 2816 677 2857 esso
696 2799 760 2857 eius
780 2798 906 2877 generis,
926 2810 985 2871 quo
995 2790 1159 2870 Apollinem
1178 2810 1248 2869 pre·
1342 2845 1344 2850 .

261 2888 414 2962 orbantur,
434 2892 469 2948 ut
485 2890 619 2950 hostibus
638 2891 714 2950 mala
725 2892 867 2964 mitteret,
887 2907 976 2967 quum
987 2906 1005 2947 e
1018 2886 1162 2947 sententia
1180 2905 1247 2945 ver·
1327 2888 1330 2896 '
1403 2943 1407 2951 .

258 2982 305 3043 hia
317 2982 405 3055 elata,
422 2985 486 3041 tum
506 2984 616 3060 exipao
637 3001 694 3061 qno
713 2978 788 3044 deus
807 2989 925 3044 vocatus
945 2986 992 3042 est
1011 2981 1127 3041 nomine
1143 2976 1250 3041 noto

257 3074 442 3154 intelligitur.
481 3076 547 3151 Quo
568 3094 656 3153 quum
676 3078 876 3140 nominaretur
894 3075 970 3136 mola
989 3081 1039 3135 aut
1055 3093 1249 3136 avemmcana

258 3176 309 3232 aut
327 3170 458 3244 mittens,
485 3171 612 3230 carmine
638 3191 754 3253 quoque
778 3173 859 3253 ipsa,
886 3170 991 3251 quibua
1017 3174 1051 3229 ut
1076 3170 1249 3230 alterutrum

260 3266 373 3327 laceret
393 3266 540 3341 orabatur,
565 3270 693 3340 παιᾶνες
712 3269 944 3348 appellabantur.
982 3263 1044 3324 Sed
1062 3264 1164 3324 utillo
1185 3282 1249 3324 mu-

260 3378 331 3421 nere
358 3378 393 3419 ιο
412 3360 529 3421 nomine
547 3360 620 3422 nihil
641 3363 768 3442 Apollini
787 3362 934 3441 antiquius
954 3367 1034 3433 erat,
1053 3359 1086 3419 id
1106 3361 1184 3439 quod
1203 3359 1249 3419 ai-

260 3457 372 3530 demus‚
383 3454 459 3515 Solia
479 3455 611 3535 epitheta
635 3457 676 3517 ad
688 3478 756 3518 enm
766 3460 907 3520 translata
926 3477 1004 3533 ease,
1022 3472 1081 3517 non
1100 3462 1169 3515 ante
1188 3455 1249 3514 exi·

261 3554 324 3611 tum
352 3549 464 3611 saeculi
487 3550 578 3631 quinti
603 3552 718 3613 videtur
735 3551 857 3614 lactum.
901 3553 1028 3631 Egregie
1044 3556 1143 3611 autem
1156 3554 1250 3627 poeta

259 3644 305 3705 his
335 3664 406 3706 usus
434 3651 467 3705 ut
488 3644 547 3704 tela
567 3647 730 3723 perniciosa
749 3648 884 3709 hostibus
902 3648 1040 3707 immittat
1058 3662 1125 3706 enm
1144 3661 1249 3722 precr-

259 3746 324 3814 tnr,
354 3742 403 3818 qui
421 3740 511 3801 radiis
532 3741 592 3800 auis
612 3747 706 3802 totum
727 3744 841 3803 coelum
858 3742 957 3805 feriat.
979 3739 1088 3803 Πόλον
1107 3736 1175 3818 cop.
1196 3755 1248 3798 eo-

262 3834 328 3896 dem
348 3852 448 3907 sensu,
469 3852 527 3913 quo
548 3835 741 3897 antecedente
758 3836 938 3917 fragmento,
957 3836 1075 3897 dictum'
1088 3841 1143 3895 eat.

333 3928 464 3990 llletrum
482 3946 620 3992 versuum
639 3931 668 3991 ei
686 3930 865 3994 simillimum
877 3937 934 4007 eat,
953 3929 1032 4012 quod
1051 3931 1082 3991 in
1099 3929 1248 4007 fragmen·
1365 3963 1369 3971 ·

260 4022 297 4083 tis
316 4042 458 4103 paeonum
476 4023 592 4087 Pindari
611 4024 764 4089 invenitur.

326 4206 354 4275 ⁶)
371 4167 461 4294 tianius
476 4208 611 4279 λαμπραῖς
626 4206 758 4279 Bergidua
774 4224 824 4280 pro
840 4211 975 4282 lamnia
989 4204 1088 4264 οἰκεῖοι.
1126 4170 1132 4183 Ι
