3259 5367
230 748 308 813 civ.
329 749 409 809 huuc
429 742 608 807 dominatum
618 743 959 824 occupasse'veuisimila
978 744 1077 827 arv).
1117 748 1227 827 Quanti
1338 797 1340 802 .

230 848 393 908 Aristratus
412 840 563 901 'l'elcstem
583 842 709 912 iecerit,
738 841 819 901 idem
838 840 947 900 l’lluius
973 860 1027 903 uos
1046 843 1148 919 docet,
1177 847 1228 926 qui

230 948 388 1021 manuum
413 945 519 997 auctor
545 942 594 997 est
621 943 727 1017 poetae
750 934 972 997 mouumentum
999 956 1017 997 a
1046 938 1228 1003 Nicomacho

231 1038 346 1119 pictore
364 1034 542 1111 pingendum
566 1050 696 1093 curasse.

310 1130 368 1192 Sed
377 1128 435 1189 etsi
447 1126 496 1187 iris
512 1128 664 1187 artissimis
682 1126 797 1197 finibus
808 1130 873 1185 tots
889 1130 988 1186 nostra
1004 1128 1084 1189 vitae
1097 1126 1228 1191 Telestis

232 1226 336 1287 ustitia
371 1224 598 1301 circumscripta
617 1228 680 1295 est,
710 1240 765 1281 nec
793 1236 916 1298 usquam
943 1222 1118 1299 quidquam,
1149 1228 1229 1303 quod

233 1321 378 1393 sciamus,
410 1318 535 1377 relatum
556 1323 618 1389 est,
649 1335 707 1395 quo
728 1304 908 1389 dilatentur,
937 1324 1036 1377 mmco
1058 1320 1106 1378 vel
1126 1337 1163 1379 ex
1181 1322 1230 1396 iis,
1285 1323 1288 1328 “

234 1432 312 1493 quae
332 1412 528 1490 protulimus,
560 1418 685 1493 apparet
704 1430 786 1471 more
806 1412 968 1491 aequalium
988 1419 1142 1493 poetarum
1161 1432 1230 1477 euru

234 1510 325 1569 modo
345 1510 413 1579 hic,
434 1508 521 1569 modo
540 1506 602 1567 illic
616 1508 707 1567 vitam
727 1507 861 1587 degisse,
885 1508 926 1567 ita
946 1516 982 1568 ut
1000 1526 1077 1569 nuuc
1097 1510 1231 1571 celeber*

234 1603 319 1665 rimis
339 1604 482 1665 Graeciae
500 1603 634 1681 urbibus,
657 1620 734 1663 uuuc
752 1604 885 1681 tyrannis
903 1608 997 1665 artem
1017 1622 1100 1666 suam
1120 1606 1232 1684 prob·

234 1698 320 1761 vait

826 1936 841 1979 a

475 2053 523 2121 11.
572 2054 634 2125 De
658 2063 752 2125 arte
776 2055 986 2123 Telestis.

689 2204 787 2217 u·—

314 2302 453 2365 Teleste·
486 2325 503 2366 a
537 2304 679 2385 Dionysio
712 2304 1014 2380 Halicarnasseusi1)
1048 2312 1080 2366 at
1104 2303 1235 2369 Diodoro

238 2398 340 2460 Siculo
352 2397 383 2479 ⁹)
421 2402 651 2479 dithyrambicus
687 2401 853 2461 nominatur
882 2400 1142 2479 celeberrimisque
1169 2400 1235 2467 aius

237 2495 354 2575 generis
382 2498 479 2573 poetis
503 2496 686 2557 adscribitur.
725 2493 884 2556 Praeterea
903 2496 1065 2557 memoriae
1084 2497 1236 2575 proditum

239 2597 287 2650 est
314 2590 477 2669 Harpalum
504 2592 570 2652 aius
598 2590 802 2672 dithyrambos
830 2590 934 2667 dignos
962 2590 1121 2664 habuisse,
1162 2612 1235 2672 quos

238 2683 406 2746 Alexandro
427 2684 535 2765 Magno
552 2688 581 2747 in
596 2689 695 2748 Asiam
712 2688 898 2759 mitterem).
939 2684 1071 2761 Quorum
1092 2705 1181 2764 quum
1198 2707 1237 2747 ne

238 2798 316 2839 unus
335 2782 455 2858 quidem
475 2786 592 2859 integer
612 2783 743 2859 legatur,
764 2781 853 2841 trium
871 2787 986 2841 tautum
1006 2782 1083 2840 tituli
1103 2789 1236 2844 exstent:
1334 2831 1336 2836 .

233 2862 344 2954 Ἀργώ,
357 2870 550 2955 Ἀσκληπιός,
564 2872 714 2951 ὑμέναιος
731 2873 931 2959 δνθύρᾳμβος
939 2877 982 2951 ⁴),
1001 2876 1107 2936 indicia
1129 2882 1237 2950 autem,

237 2988 258 3030 e
279 2971 384 3047 quibus
412 2972 567 3031 consilium
592 2977 623 3029 et
641 2978 843 3047 argumentum
864 2970 1024 3030 carminum
1044 2970 1149 3047 refingi
1166 2989 1236 3050 pos-

240 3066 292 3137 sit,
318 3065 397 3125 nulla
426 3064 623 3139 inveniantur,
656 3066 713 3125 lroc
740 3071 822 3125 certe
848 3084 992 3144 prospere
1019 3064 1104 3124 nobis
1130 3067 1236 3139 evenit,

238 3160 318 3238 quod
348 3180 449 3221 eorum
479 3160 620 3240 reliquiae
648 3161 911 3240 captiosarum,
942 3179 1030 3238 quam
1057 3158 1238 3238 reliquorum

311 3375 339 3443 ⁷)
356 3376 520 3429 Mentiouem
537 3376 617 3429 huius
634 3378 758 3433 drumoti
774 3380 809 3431 alr
827 3378 880 3431 alio
898 3376 1066 3443 antiquorum
1082 3374 1240 3451 scriptorum

241 3476 293 3511 nou
309 3460 400 3513 inveni
416 3460 533 3521 luctam,
556 3465 582 3512 ct
604 3463 675 3529 quod
692 3463 725 3514 do
743 3462 800 3515 eius
817 3466 905 3515 aetate
922 3459 977 3513 dixi
993 3476 1046 3510 nou
1062 3457 1112 3509 uisi
1128 3474 1160 3509 eo
1177 3458 1239 3509 niti·

240 3548 300 3605 tur,
324 3546 396 3611 quod
419 3546 542 3611 Xenoph.
560 3546 692 3599 Helleuic.
711 3546 768 3609 Vll,
784 3545 809 3611 1,
827 3544 880 3607 44.
895 3544 943 3596 ubi
961 3544 1135 3610 Euphrouem
1157 3540 1240 3594 refert

242 3628 280 3679 ol.
297 3622 373 3693 cili,
390 3628 416 3681 d.
434 3646 524 3681 rerum
540 3629 729 3697 Sicyoniamm
744 3628 858 3697 potitum
875 3641 947 3691 esse,
966 3633 1028 3678 tunc
1045 3626 1160 3693 primum
1177 3624 1242 3678 uicit

242 3716 383 3780 &numum
407 3712 434 3764 iu
459 3714 512 3765 hoe
528 3712 636 3765 civitate
653 3713 792 3767 exstitisse.
826 3712 918 3765 Utitur
932 3710 1001 3763 euim
1022 3709 1067 3761 luis
1082 3709 1187 3761 verbius
1210 3708 1240 3763 ἐν

240 3794 272 3850 oi
288 3797 412 3850 Σικυῶνι
438 3795 469 3851 τό
494 3796 545 3863 μὲν
567 3797 644 3865 μέχρι
666 3797 769 3856 τούτου
792 3794 865 3850 κατὰ
886 3793 951 3856 acs'r
965 3789 1076 3861 luzaria
1098 3791 1240 3860 adomari

242 3881 369 3937 astaret«
391 3871 435 3948 sir·
469 3882 509 3933 iix
532 3882 576 3935 iaia
598 3881 683 3953 igilur
706 3882 859 3951 colligimus
875 3880 1034 3933 Arbustum
1057 3878 1165 3931 dnum
1181 3881 1243 3944 pot

241 3964 416 4032 Euphronem
432 3964 573 4033 Sicyonius
590 3972 733 4034 tyranuum
750 3965 852 4017 ioelum
869 3981 937 4017 case.

311 4048 340 4115 ¹)
358 4050 391 4100 de
408 4065 525 4117 compos.
542 4050 618 4101 verli.
636 4038 666 4100 c.
677 4049 719 4101 19.

310 4131 340 4197 2)
356 4133 423 4197 XIV,
440 4150 466 4200 p.
485 4132 543 4185 zio.
562 4134 597 4185 cf.
616 4132 776 4202 wesseling.
798 4134 834 4185 od
851 4134 878 4185 ir.
895 4133 915 4185 l.

309 4212 337 4282 ⁸)
356 4216 493 4269 Plutarch.
512 4216 672 4269 dicauit.
707 4216 812 4269 Nullius
836 4216 921 4287 igliur
945 4210 1075 4269 mummii
1091 4216 1147 4276 ast,
1174 4210 1244 4278 quod

238 4297 338 4353 suisa
354 4300 490 4353 Telesiam
506 4298 576 4353 iuter
593 4300 710 4355 comicos
725 4300 818 4354 niem.
1146 4313 1149 4325 ²

306 4382 337 4448 ι)
353 4382 390 4435 cl.
405 4383 505 4454 fragm·
522 4384 566 4437 ii.

906 4410 910 4418 ,
973 4462 1045 4527 16*
