3259 5367
845 562 871 633 8

355 729 564 815 Antistropbts
583 750 641 795 non
660 730 871 810 albuuin),
897 734 952 797 sed
971 736 1068 798 metro
1095 732 1185 814 nlarm
1211 731 1307 795 libero
1326 738 1361 795 et

269 913 271 918 .
359 848 425 893 eum
446 828 536 909 ipsit,
567 829 673 907 quibus
693 829 851 891 efferendis
870 830 1042 903 inserviret,
1071 830 1208 891 sensibus
1227 831 1361 891 variante
1441 890 1445 895 .

356 942 430 985 osus
450 930 517 998 ert3
535 934 608 1000 'quo
636 923 716 985 iacto
743 944 802 986 non
823 927 920 1002 potuit
939 943 998 986 uon
1016 926 1104 985 etiam
1123 924 1306 986 saltationem
1327 930 1361 985 et

357 1020 498 1081 musicam
515 1020 749 1081 artificioslorem
770 1021 907 1092 reddere,
927 1020 1104 1101 praesertim
1125 1040 1214 1099 quum
1235 1020 1281 1079 vel
1302 1021 1361 1080 dn-

357 1122 437 1175 ctum
457 1113 591 1192 rhythmi
610 1116 799 1177 celerrimum
820 1117 991 1186 adhiberet,
1011 1123 1101 1195 atque
1121 1115 1255 1195 pluribus
1275 1116 1360 1176 tibiis

358 1208 401 1269 ita
419 1216 570 1283 uteretur,
592 1218 624 1278 ot
643 1230 742 1273 esrom
763 1212 840 1283 soni,
860 1211 1020 1271 hrtemallia
1040 1211 1167 1283 diremti,
1187 1210 1361 1271 harmonice

357 1296 620 1377 concinereut20).
670 1307 735 1368 Non
755 1308 854 1368 minus
880 1306 1071 1367 memorabile
1099 1315 1161 1379 est,
1194 1307 1274 1383 quod
1300 1308 1361 1366 hoe

313 1476 315 1487 Ι
356 1400 486 1461 musicae
505 1406 537 1461 et
556 1401 688 1479 rhythmi
707 1422 812 1481 genus,
833 1402 1021 1479 dithyrambo
1041 1401 1360 1476 convenientissimum,

357 1493 448 1555 stiam
482 1494 547 1556 aliis
575 1498 753 1559 carminibus
777 1498 919 1558 tribuisse
948 1498 1064 1557 dieitur.
1115 1496 1157 1555 lta
1184 1497 1263 1557 enim
1282 1494 1359 1557 viam

357 1588 531 1649 latissimam
550 1592 684 1665 munivit,
706 1611 762 1670 qua
782 1592 986 1671 dithyrambos
1006 1591 1035 1651 in
1056 1592 1112 1650 alia
1132 1592 1232 1669 poesis
1251 1608 1363 1671 genere

357 1689 515 1761 penetrare
552 1690 583 1744 et
610 1705 704 1765 pneris
731 1688 830 1748 omnia
855 1687 972 1747 ditionis
999 1676 1072 1747 snae
1100 1686 1200 1746 lacere
1226 1691 1358 1765 poterat.

358 1775 596 1839 Consentaneum
613 1787 660 1840 est
673 1782 753 1856 huic,
774 1783 851 1861 qnod
866 1782 913 1841 vel
927 1800 1035 1841 nomen
1050 1781 1229 1859 dithyrambi
1242 1780 1362 1841 transiit
1402 1814 1407 1823 ·
1493 1791 1494 1846 l

357 1872 396 1932 ad
416 1874 543 1933 carmine
569 1873 647 1935 illius
661 1875 770 1937 indolis
789 1877 1041 1955 dithyrambicae,
1072 1876 1265 1937 etiamsinon
1285 1876 1360 1938 Βου-

358 1966 446 2027 chum
469 1968 670 2043 celebrarent,
701 1972 754 2031 sed
782 1980 987 2049 argumentum
1012 1972 1130 2031 aliunde
1158 1977 1288 2031 sumtum
1308 1972 1360 2030 ha·

357 2061 472 2123 herent.
521 2062 614 2125 cuius
640 2066 683 2126 rei
711 2068 896 2146 exemplum,
924 2085 1014 2144 quum
1041 2086 1060 2126 e
1085 2066 1157 2126 Lasl
1182 2065 1360 2125 carminibus

359 2158 496 2234 proierre
515 2178 572 2220 non
592 2161 752 2239 possimus,
771 2162 915 2222 babemus
935 2162 1003 2235 boc,
1023 2163 1102 2239 qnod
1121 2160 1295 2232 Simonidis,
1315 2158 1361 2218 illi

356 2252 489 2331 aequalis
509 2260 540 2315 et
559 2257 684 2334 aemuli,
713 2256 917 2335 dithyrambos
936 2257 992 2315 snb
1012 2256 1097 2318 titulo
1116 2251 1259 2335 Μέμνων
1279 2247 1360 2313 oor'n·

358 2350 612 2423 memoratam).

437 2437 537 2499 Minus
563 2443 659 2522 liquet
678 2444 748 2521 quid
768 2434 944 2526 Lusus'yser
971 2434 1147 2523 ἐριστικοὺς
1173 2443 1291 2524 λόγους
1312 2461 1360 2503 as-

358 2537 480 2593 secutus
500 2534 560 2608 sit,-
582 2548 660 2613 'qnos
687 2538 777 2597 choro
805 2540 987 2618 dithyrambi
1015 2542 1125 2602 dieitur
1150 2542 1290 2601 tribuisse
1301 2536 1360 2619 ⁵⁴1).
1419 2580 1424 2589 ·

357 2624 501 2687 Fortasse
530 2629 567 2687 ad
588 2630 736 2690 actionem
756 2632 951 2713 dithyrambis
971 2636 1081 2695 illatam
1100 2634 1209 2696 referri
1226 2638 1361 2715 possunt.

359 2718 444 2809 Qube
474 2724 619 2789 sententis
644 2724 770 2791 stabiliri
797 2725 912 2793 videtur
930 2728 999 2817 loco
1019 2730 1206 2803 Aristotelis,
1238 2747 1297 2807 quo
1317 2727 1361 2787 di·

367 2906 567 2926 *nnn—...-

357 3041 385 3093 Ρ·
402 3021 455 3077 845
474 3041 517 3093 sq·
560 3028 672 3083 Praeter
697 3028 816 3083 earmina
841 3027 923 3081 etiam
947 3029 1048 3083 librom
1071 3030 1106 3084 de
1128 3029 1233 3083 musica
1255 3028 1363 3095 mriysit

357 3106 464 3175 (Schol-
490 3108 571 3167 trinu
594 3112 671 3181 vesp.
689 3115 708 3166 l.
725 3115 745 3166 1.
770 3111 844 3167 Snid.
867 3113 887 3165 1.
903 3114 923 3163 l.
948 3113 1097 3165 Aristoxen.
1123 3114 1213 3163 barm.
1235 3112 1314 3163 elem.
1335 3112 1362 3163 1.

356 3207 384 3259 y.
401 3192 426 3245 δ.
445 3191 480 3245 oi.
491 3195 568 3248 Rode
584 3198 602 3249 l.
620 3199 639 3249 l.
657 3213 686 3263 ρ.
702 3194 784 3261 ub).
802 3195 879 3247 Unde
897 3200 1008 3260 sonant
1026 3210 1086 3245 eum
1103 3199 1189 3246 artem
1205 3210 1259 3247 non
1275 3196 1363 3248 solnm

357 3277 516 3342 exercitione,
533 3279 581 3331 sed
598 3278 681 3335 etiem
697 3278 754 3330 eius
770 3279 847 3348 leges
863 3282 1056 3345 commutatum
1074 3293 1141 3329 esse.

356 3474 395 3527 Ἡ
409 3391 548 3526 2⁸)15suo.
577 3392 861 3451 tietmarum.
895 3395 928 3455 ιο
959 3410 1028 3451 moa.
1051 3392 1095 3445 w·
1124 3394 1232 3448 Aristo·
1273 3394 1363 3461 urobl·

396 3476 429 3542 x,
481 3508 489 3525 .

408 3576 452 3643 ξι’)
470 3576 611 3635 Picti-1.
635 3571 726 3639 Aoiooc
747 3571 810 3632 diti
831 3570 988 3647 Ἑρμιοαιῦρ
1010 3576 1051 3637 εἰς
1077 3574 1130 3647 τὴν
1158 3572 1366 3647 διθυραμβικὴν

357 3655 469 3729 οἰμωγὴν
484 3658 656 3727 μεταστήσας
679 3657 745 3721 cotie
762 3659 949 3733 §aduenienti
967 3662 1003 3732 τῇ
1019 3661 1075 3714 tois
1091 3656 1184 3715 alteo
1199 3661 1366 3732 πολυφωνίᾳ

285 3766 287 3771 ·
357 3740 620 3812 κατακολουθήσας,
643 3744 751 3799 micioni
773 3762 802 3799 τι
828 3741 968 3812 φθόγγοις
983 3743 1031 3799 nat
1049 3742 1247 3818 διερριμμένοις
1262 3742 1366 3815 χρηοοὶ-

356 3845 446 3896 μενος,
471 3828 509 3890 εἰσ
530 3826 681 3895 μετάθεσιν
703 3828 756 3897 τὴν
780 3828 1018 3899 προϋπάρχουσαν
1035 3824 1118 3898 ἤγαγε
1135 3827 1278 3897 μουσικήν.
1312 3827 1367 3880 Per

356 3912 428 3971 hene
450 3910 664 3971 artificiosiorem
689 3913 857 3981 dithyrambi
879 3911 997 3969 formam
1020 3913 1103 3972 etiam
1125 3912 1228 3965 motuni
1250 3912 1308 3976 est,
1336 3916 1367 3965 ut

271 4002 274 4016 ¹
356 3997 395 4049 sd
417 3994 530 4047 chorum
555 3996 703 4061 edendnm,
733 4015 816 4067 quum
840 4002 921 4051 antes
944 3996 1018 4049 eires
1042 4014 1094 4049 non
1112 3996 1190 4051 nimis
1204 3995 1323 4048 musicae
1338 4000 1366 4047 et

356 4078 506 4133 relictionis
522 4079 602 4147 periti
618 4081 732 4145 coirent,
761 4088 865 4135 cotorea
882 4088 1024 4157 utramque
1042 4081 1113 4134 hanc
1129 4087 1216 4133 artem
1230 4079 1361 4146 proliten-

358 4166 398 4224 tes
415 4164 616 4217 adhiberentur.
650 4164 729 4219 arbo
744 4169 765 4221 1.
781 4169 800 4220 l.
820 4166 855 4219 ci.
872 4171 926 4218 not.
943 4162 986 4224 82
1004 4164 1100 4225 Athen.
1118 4164 1187 4217 xlv.
1201 4180 1230 4230 ρ.
1247 4160 1307 4219 61¹1.

406 4263 452 4332 ⁸⁰)
468 4263 566 4321 sorano
584 4263 639 4340 llV.
656 4281 682 4333 μ.
699 4264 759 4319 m.
775 4266 808 4319 B.
827 4266 863 4319 of.
880 4265 957 4323 nota
973 4266 992 4319 1.
1008 4268 1028 4319 l.
1044 4283 1071 4338 y.
1088 4261 1148 4315 136·

408 4380 454 4449 ιι)
470 4379 568 4437 suun
583 4382 604 4436 1.
620 4382 641 4437 ι.
658 4380 694 4436 ιι.
710 4378 1120 4451 uehementem
1135 4376 1315 4449 ιιμιιι
1411 4348 1418 4360 ’

1492 4474 1496 4563 l
