3259 5367
326 1116 413 1177 Hune
439 1132 556 1175 verarum
585 1113 753 1174 Athenaeus
773 1112 840 1182 XV.
867 1134 898 1193 p.
918 1116 987 1176 692.
1007 1115 1037 1175 ri.
1063 1112 1112 1171 his
1136 1113 1234 1175 verbis
1322 1172 1327 1177 .

243 1210 362 1272 laudat:
379 1205 463 1271 Ἐπεὶ
477 1201 509 1272 δ’
524 1206 664 1271 ἐνταῦθα
674 1206 841 1287 τοῦλόγου
855 1204 956 1288 ἐσμέν,
975 1204 1197 1287 συμβαλοῦμαί
1204 1227 1235 1270 τι

243 1304 339 1387 μέλος
357 1305 435 1385 ὑμῖν
453 1304 495 1379 εἰς
513 1303 631 1384 ἔρωτα·
658 1302 740 1367 κατὰ
765 1300 823 1367 τὸν
843 1304 1014 1387 Κυθήριον
1031 1303 1174 1384 ποιητήν.
1194 1304 1236 1367 of.

242 1401 295 1465 vl.
322 1424 352 1482 p.
381 1406 449 1467 371.
476 1404 522 1463 h.=
546 1402 686 1483 Proserb.
713 1402 850 1481 Appeud.
877 1400 937 1479 IV,
969 1406 1017 1463 Π.
1043 1420 1072 1479 p.
1091 1400 1235 1480 litei.
1293 1442 1297 1449 -

238 1498 431 1579 Schneider.
458 1498 543 1574 Quod
553 1498 697 1576 Bergkius
712 1496 731 1559 Ι.
750 1496 770 1558 l
790 1501 895 1577 poss.
905 1499 1014 1574 statuit,
1032 1497 1111 1557 hunc
1118 1512 1235 1555 versum

242 1593 398 1655 exordium
419 1592 555 1675 cyclopis
574 1591 686 1669 inisse,
721 1592 794 1653 mihi
821 1592 938 1672 quidem
956 1594 1058 1655 'minus
1083 1587 1236 1672 probabile

206 1710 215 1717 ·
242 1688 370 1751 uidetur.

707 1878 771 1944 Vll.

311 2056 312 2059 =
436 2003 555 2124 Ἀπονέ
578 2036 616 2103 ps
641 2011 686 2099 εἰς
708 2008 766 2099 τὰς
788 2008 951 2102 λονομλαςι
1056 2002 1060 2007 ’

324 2148 379 2211 Ηίι
406 2153 504 2214 verinis
524 2155 633 2216 Sululos
650 2175 674 2215 ι.
695 2175 722 2218 v.
752 2174 805 2217 nos
833 2155 977 2217 certiores
1003 2153 1077 2215 iacit
1094 2152 1233 2215 Philono-

242 2263 332 2319 num,
359 2247 539 2327 allionysio
565 2270 584 2313 e
611 2251 759 2313 lautumiis
786 2256 970 2324 resumtum,
1000 2256 1089 2327 atqua
1113 2251 1149 2310 oh
1175 2250 1235 2309 hoc

241 2339 368 2415 lterum,
396 2348 431 2402 nt
450 2344 489 2426 pe
511 2347 640 2407 carmine
659 2365 715 2408 sno
734 2347 872 2408 iudiciuin
892 2344 1002 2419 terret,
1034 2351 1167 2424 rogatum
1187 2350 1234 2423 ly-

243 2437 327 2495 ranni
348 2438 504 2500 satellitem
525 2460 717 2521 provocasse,
741 2448 774 2503 ot
791 2460 826 2503 se
844 2441 874 2501 ia
893 2440 1047 2501 lentumias
1067 2442 1233 2501 reduceret.
1275 2452 1284 2463 ‘

242 2526 355 2592 lleinde
375 2534 461 2615 vulgo
488 2537 567 2597 dieta
587 2554 672 2613 esse,
703 2537 730 2598 ai
755 2537 806 2617 qui
831 2536 952 2598 rohons
967 2535 1116 2615 indignum
1143 2533 1234 2595 ferre.

242 2624 328 2702 Apud
347 2627 439 2689 Mich.
461 2632 663 2710 Apostoiienm
693 2650 750 2694 nou
769 2632 825 2693 nisi
843 2631 984 2693 vooahula
1004 2628 1048 2704 εἰς
1064 2618 1126 2703 τὰς’
1138 2630 1233 2690 λαιο-

241 2716 315 2797 ιιλας
342 2720 498 2803 leguntur,
533 2745 609 2805 quae
628 2726 756 2805 prlrnom
776 2727 955 2788 Philoxenus
974 2746 1072 2788 coram
1092 2725 1234 2806 Dionysio

242 2813 377 2891 elocutus
396 2820 447 2897 alt,
469 2821 576 2881 deinde
594 2829 691 2883 antem
711 2841 783 2884 nsua
801 2823 993 2901 proverbialis
1011 2823 1166 2901 receperit„

631 3028 633 3032 ·
653 3028 657 3035 ’
694 3005 774 3068 vill.

320 3130 366 3191 M
367 3128 592 3211 εοαύχινες.
631 3134 802 3213 Hesychius
822 3154 847 3198 s.
858 3152 885 3196 ι.
901 3125 1127 3211 Ἀριστοφάνης
1145 3134 1232 3213 φησὶ,

241 3223 437 3306 μεσούχενας
459 3226 574 3303 νέκυας
599 3227 749 3302 ἀσώτους.
778 3228 832 3292 διὰ
856 3234 916 3293 τοῦ
935 3251 958 3309 μ
977 3205 1153 3309 γραπτέον,
1181 3249 1232 3309 με·

242 3321 396 3403 caupones,
407 3320 455 3386 ὅτι
460 3322 559 3404 μέσον
566 3322 681 3407 αὐχένα
690 3326 791 3388 αὐτοῦ
797 3324 891 3403 πιέζει
902 3326 932 3404 ⁵)
941 3368 949 3385 .
958 3367 984 3388 ..
998 3325 1232 3405 παρεβάλλοντο

240 3415 276 3479 τὸ
298 3418 451 3499 σχοινίον.
484 3421 686 3503 suppliciis
718 3420 757 3485 τὰ
783 3420 819 3485 ἐν
851 3429 895 3503 τῷ
923 3421 1096 3499 Φιλοξένου
1122 3422 1230 3506 Σύρῳ.

241 3508 335 3589 ἐνίοις
355 3512 390 3577 δὲ
410 3514 462 3579 διὰ
480 3524 539 3581 τοῦ
561 3518 580 3581 ri
591 3521 755 3599 γράφεται,
776 3518 967 3600 δεσαύχενες,
987 3516 1040 3582 καλ
1059 3518 1099 3581 οὐ
1117 3521 1231 3593 καλῶς.

320 3610 491 3691 colligimus
521 3635 557 3675 en
583 3616 631 3676 his
658 3615 852 3678 Philolennm
882 3617 912 3677 in
939 3616 1161 3694 cormine'Syro
1184 3618 1230 3679 in-

242 3705 350 3783 scripto
380 3710 553 3771 vocabulum
579 3710 764 3790 μεοαύχενες
782 3730 956 3793 usurpasse,
985 3730 1044 3788 qno
1072 3715 1230 3789 suspensor

241 3807 369 3876 notaret,
402 3805 629 3885 Aristophanem
662 3817 761 3868 autem
788 3810 846 3868 hoo
872 3806 1014 3877 vocabulo
1041 3825 1126 3867 usum
1151 3825 1229 3883 esse,

244 3913 299 3973 quo
318 3896 471 3961 Philoxeni
491 3903 650 3963 dictionem
669 3904 823 3985 figuratum
842 3902 915 3964 risui
934 3902 1027 3963 deret.

308 4112 336 4179 ⁵)
353 4119 413 4169 outo
428 4114 632 4189 παρεβάλλοντο
649 4120 723 4175 (loesi
739 4117 849 4185 aliquid.
