3259 5367
544 1615 962 1739 rnununruo.

326 1951 570 2091 Amplissimus
603 2014 686 2075 Ordo
710 2016 964 2096 Philosophorum
997 2017 1131 2080 lenensis
1166 2036 1243 2077 anno
1350 2103 1353 2112 Ι

137 2205 140 2222 ἱ
249 2124 535 2218 mcccxxxvu
554 2126 631 2185 huno
650 2127 807 2207 proposuit
827 2128 1048 2205 quaestionem:

285 2238 467 2325 moreni,
491 2238 644 2299 iimotloei
663 2246 693 2299 et
716 2239 847 2299 Telestis
866 2239 1245 2320 ditiprumiogrophomm

327 2324 673 2425 virae'deseribantor,
700 2352 853 2431 reliquiae
874 2355 1054 2431 poemorum
1081 2354 1128 2412 ito
1157 2350 1244 2411 oolli-

326 2470 454 2543 grmtm,
475 2471 510 2523 ut
525 2471 624 2523 totum
636 2464 727 2523 huius
735 2483 864 2544 poeseos
881 2483 980 2543 genus
989 2463 1174 2525 declaretur.

327 2563 419 2647 (iuius
445 2570 536 2651 quum
555 2574 804 2639 commentatione
829 2575 927 2662 oblatu
946 2576 1107 2636 solvendae
1124 2573 1242 2653 perion-

247 2689 309 2749 lum
327 2661 482 2760 iecissem,
513 2686 635 2765 contigit
653 2687 741 2762 mihi,
767 2692 802 2747 ut
821 2706 899 2747 anno
918 2689 1056 2765 sequenti
1072 2685 1245 2766 primarium

248 2798 413 2880 pru'emium
439 2798 639 2876 deportarem.
679 2798 740 2857 lam
768 2818 840 2861 vero
869 2803 951 2877 tuno
968 2804 1002 2858 ut
1029 2797 1151 2877 scriptio
1176 2816 1272 2860 mea,

248 2910 567 2989 typisexprimeretru
585 2909 651 2988 ipse
670 2910 752 2987 nolui
766 2911 918 2988 satiusque
938 2910 1022 2985 drusi,
1042 2916 1076 2969 ut
1095 2909 1244 2985 aliquanto
1265 2924 1274 2939 ⁸

247 3027 319 3101 post
336 3019 492 3097 recognita
512 3023 543 3077 et
563 2996 721 3079 emendato
739 3022 769 3079 iu
790 3021 941 3099 publicum
960 3022 1104 3100 prodiret.
1142 3019 1244 3096 Itaque

247 3132 299 3193 ubi
332 3136 455 3211 praeter
488 3130 669 3191 academiam
693 3131 850 3190 lonensem
883 3130 973 3190 etiam
997 3130 1183 3190 Berolinensi
1211 3134 1244 3188 et

247 3243 395 3323 lipsiensi
418 3242 615 3318 frequentatis
647 3262 724 3302 anno
750 3242 780 3301 h.
805 3260 830 3301 s.
862 3241 1088 3321 qruadmgesimo
1123 3258 1244 3301 cursum

249 3355 449 3426 academicum
468 3352 599 3428 absolvi,
627 3354 908 3429 commentationem
927 3354 1086 3413 retraetari
1104 3351 1243 3413 formam·

250 3486 309 3546 que
329 3467 405 3541 eius,
419 3454 515 3541 xquum
534 3464 566 3523 in
586 3465 740 3533 sententiis
761 3446 914 3543 plerisque
932 3467 1135 3545 persisterem,
1156 3463 1245 3542 plane

138 3568 139 3577 ¹
249 3578 336 3641 aliam
361 3576 487 3637 reddidi.
525 3576 575 3643 lta,
597 3582 698 3637 nutem
722 3577 781 3637 hoo
807 3596 932 3638 munere
955 3577 1073 3637 functus
1100 3595 1181 3650 sum,
1210 3578 1245 3633 ut

248 3688 388 3749 brevitati
413 3688 538 3747 studens
566 3693 764 3764 accurateque
790 3688 978 3765 antiquorum
996 3688 1174 3766 scriptorum
1192 3704 1244 3745 vo·

249 3800 337 3879 stigio
350 3816 565 3878 persequeusa
580 3799 770 3874 coniecturis,
789 3818 867 3876 quae
877 3818 983 3859 eorum
999 3796 1174 3857 auctoritate
1191 3816 1244 3875 pa-

248 3903 317 3973 rum
334 3911 520 3985 niterentur,
543 3914 574 3973 et
595 3910 661 3990 ipse
680 3930 818 3971 ouverem
838 3900 1105 3987 et'ean1m5quae
1125 3910 1160 3967 ab
1181 3907 1245 3978 aliia

249 4022 422 4104 propositae
449 4027 568 4098 esent,
598 4042 668 4082 raro
693 4022 875 4082 mentionem
902 4022 1043 4081 iacerem.
1087 4020 1149 4080 Sed
1175 4020 1246 4078 huie

248 4110 348 4198 studio
378 4134 513 4196 deditum
537 4133 570 4194 in
595 4134 694 4194 media
718 4134 765 4196 ria
792 4153 913 4194 cursum
940 4152 990 4192 me
1017 4133 1124 4192 sistere
1143 4118 1257 4192 susce-⁵

249 4251 394 4326 ptumque
412 4265 518 4315 munus
538 4245 569 4310 iu
587 4246 711 4307 meliora
728 4251 866 4326 tempora
885 4244 1007 4305 differre
1026 4244 1125 4323 ooegit
1145 4242 1246 4304 oeulo-

249 4376 320 4419 rum
337 4359 467 4423 morbus.
500 4358 559 4437 Qui
578 4376 669 4437 quum
686 4356 959 4438 pertinacioresset
975 4376 1012 4419 ao
1030 4357 1151 4417 demum
1169 4372 1246 4416 anno
