3259 5367
384 737 482 800 olins·
490 737 654 799 renitnmm
668 754 738 799 erae
750 756 787 799 eo
800 736 948 811 inelimati,
962 734 1042 813 qnod
1053 732 1147 796 oolam
1160 732 1276 798 litem
1287 735 1377 817 0⁹⁹)

320 874 323 879 ·
382 834 497 897 tahnlac
514 834 673 913 inscripsit.
707 833 796 909 Quae
814 833 900 893 litera
923 831 1031 892 alelntle
1048 831 1078 891 ln
1096 832 1283 910 proverbium
1303 834 1379 895 abiit

381 934 444 990 tum
464 936 652 1009 usurpatum,
679 929 704 987 ai
723 929 788 1005 qnia
808 926 886 1004 qood
915 927 1069 1005 petebatur
1096 933 1266 989 constanter
1283 946 1376 1008 nega-

317 1022 320 1031 '
383 1032 429 1085 ret
450 1025 511 1102 ³⁰).
549 1023 659 1083 Postea
677 1023 856 1083 Philoxenus
876 1023 908 1083 iu
925 1022 1081 1083 Graeclam
1101 1021 1189 1082 revlilt
1202 1028 1293 1102 atque
1311 1023 1377 1085 Co·

382 1119 475 1179 rinthi
492 1118 670 1197 aliquamdiu
682 1119 755 1179 vixit
775 1138 843 1178 cum
852 1116 1020 1189 Timanthe,
1040 1116 1142 1197 pulcra
1152 1116 1253 1177 haldis
1267 1124 1376 1194 matre,

383 1234 469 1294 quam
494 1234 510 1273 a
529 1213 667 1293 Dionysio
687 1214 757 1274 olim
785 1213 862 1274 dono
883 1220 1038 1291 acceperat
1059 1213 1121 1290 ⁸¹).
1161 1211 1292 1290 Denique
1311 1212 1375 1273 llo·

381 1328 456 1388 rope
474 1310 577 1371 relicta
596 1312 624 1370 in
644 1310 744 1370 Asiam
762 1309 897 1386 migravit
924 1315 956 1369 et
974 1308 1088 1387 llphevi
1104 1308 1185 1369 diem
1204 1326 1374 1388 supremum

382 1406 455 1466 ohiit
476 1411 536 1461 ³⁹.

479 1404 616 1560 Qiamvis
643 1484 700 1543 iarn
728 1481 758 1541 in
777 1479 970 1542 describenda
988 1480 1142 1543 Philoxeni
1166 1482 1226 1543 vita
1245 1500 1284 1543 eo
1303 1500 1374 1561 pro

381 1578 456 1641 fecti
475 1581 576 1653 simus,
597 1594 654 1654 qno
673 1576 767 1637 fatum
787 1577 816 1636 ci
835 1577 976 1635 terminos
995 1576 1104 1655 posuit,
1126 1578 1256 1637 noudum
1276 1583 1376 1638 tamon

300 1716 302 1723 ι
381 1674 483 1735 olflcio
502 1679 642 1751 suscepto
661 1672 875 1745 satisfecimus,
896 1671 949 1731 sed
969 1690 1059 1749 qnum
1078 1670 1210 1750 plerique
1224 1672 1373 1739 recentio-

381 1788 457 1842 rum,
477 1770 527 1844 qui
547 1770 585 1828 tle
605 1773 690 1845 poeta
710 1768 901 1845 scripserunt,
919 1767 1065 1845 impurum
1085 1785 1152 1827 cunr
1167 1766 1324 1827 helnonem
1342 1772 1376 1827 et

380 1863 527 1928 abiectum
547 1862 706 1941 parasitum
726 1863 889 1923 notaverint
909 1860 979 1941 ³³),
999 1880 1035 1921 cx
1054 1861 1092 1921 iis
1111 1866 1316 1939 autem-qnae
1335 1863 1375 1923 tle

297 1984 299 1991 >
381 1959 444 2019 eiua
463 1958 593 2017 moribus
612 1958 670 2036 ipsi
690 1959 906 2037 protulerimus,
926 1957 1078 2038 epularum
1098 1956 1218 2035 quidem
1237 1959 1374 2033 amicum,

379 2052 499 2113 minime
518 2058 614 2113 tamen
633 2052 780 2115 hominem
800 2055 1036 2132 cognoverimus,
1056 2053 1107 2127 qui
1126 2052 1190 2111 istis
1209 2054 1376 2113 nominituo

380 2148 538 2228 signandus
558 2150 607 2222 sit,
626 2167 684 2209 non
703 2168 860 2227 possumne
879 2168 938 2209 non
956 2164 1110 2209 recurrere
1129 2143 1166 2203 asl
1186 2164 1285 2205 morea
1301 2144 1374 2205 Phi-

379 2243 486 2317 loxeni,
507 2244 609 2324 quales
617 2245 737 2318 suerint,
749 2243 949 2322 inquirendos.
988 2239 1100 2301 Verum
1119 2235 1381 2320 vpurrutumcunqnex

380 2340 650 2417 circumspeximus,
670 2339 743 2397 nihil
763 2355 886 2414 nsquam
904 2337 943 2398 de
961 2337 1018 2395 hac
1036 2354 1071 2395 re
1090 2344 1209 2415 praeter
1229 2356 1280 2407 ea,
1300 2356 1376 2415 qnae

381 2451 469 2511 supra
488 2433 707 2504 enarravimus,
735 2431 896 2491 memoriae
923 2448 990 2490 esse
1013 2430 1164 2509 proditum
1183 2433 1374 2509 advertimus,

380 2527 437 2586 nisi
456 2526 535 2602 quod
555 2523 671 2584 duobus
690 2522 763 2583 locis
784 2526 862 2601 apud
882 2526 1066 2586 Athenaeum
1086 2526 1374 2605 quidrumoresfer·

379 2626 448 2684 rent
471 2618 595 2679 relatum
622 2620 672 2681 sit.
713 2618 753 2679 Iit
773 2620 867 2679 altero
890 2619 940 2696 ³⁴)
959 2622 1079 2697 quidem
1107 2617 1275 2682 Atheniens
1300 2616 1376 2685 haec

381 2716 465 2787 (licit,
485 2732 552 2773 esse
579 2713 628 2790 qui
649 2711 846 2773 Philoxenum
866 2714 1036 2792 Cytherium
1066 2723 1201 2791 narrent,
1232 2724 1264 2777 nt
1292 2720 1372 2781 cibos

370 2809 613 2870 tervennsstmos
631 2814 759 2869 tractare
779 2810 944 2886 ceterisque
963 2811 1090 2872 convivia
1110 2814 1220 2891 optima
1239 2834 1375 2893 puraeque
1478 2885 1479 2888 Ἴ

381 2905 497 2965 edendo
518 2905 686 2982 praeripere
705 2911 826 2983 posset,
858 2924 960 2965 manus
981 2913 1012 2966 et
1032 2925 1065 2966 os
1085 2917 1222 2970 aestuosa
1241 2928 1317 2987 aquia
1335 2912 1375 2971 ad

382 3001 511 3060 calorem
536 3000 692 3061 ferendum
719 2998 924 3060 assuefecisse.
962 3001 1063 3062 Altero
1084 3001 1137 3079 ³⁵)
1171 3003 1238 3065 loco
1263 3004 1376 3083 aliquot

383 3164 579 3181 *t*-

434 3269 478 3335 29)
496 3269 570 3321 Snitl.
593 3268 612 3319 l.
626 3269 646 3319 1.
679 3268 738 3318 Hac
755 3265 834 3318 litera
850 3266 1010 3334 particulam
1026 3266 1141 3335 negandi
1161 3267 1296 3334 signatam
1317 3282 1376 3321 essa

383 3366 417 3403 ex
435 3352 479 3403 hia
498 3355 623 3417 apparet,
645 3366 714 3416 quae
727 3350 821 3402 Athen.
837 3351 883 3402 xl.
899 3369 925 3417 p.
937 3349 996 3403 466.
1019 3352 1109 3402 docet:
1137 3346 1245 3410 Πάντες
1269 3349 1298 3402 οὶ
1321 3350 1374 3421 olp-

381 3438 456 3502 poioc
475 3435 514 3503 τῷ
533 3436 557 3488 O
575 3430 730 3502 ἀπεχρῶντο
748 3432 783 3486 ool
799 3432 885 3500 μόνοι
901 3432 937 3500 ἐφ
952 3427 987 3501 ἧς
1007 3434 1058 3487 etv
1073 3432 1201 3487 τάττεται
1222 3432 1375 3501 δυνάμεως,

381 3512 450 3571 ἀλλὰ
474 3517 521 3571 sol
544 3511 589 3571 ὅτε
605 3514 656 3584 τὴν
673 3518 827 3585 δίφθογγον
842 3520 1030 3586 necopinatam,
1051 3516 1100 3571 διὰ
1117 3517 1169 3572 τοῦ
1186 3519 1211 3572 Ο
1227 3516 1373 3589 γράφοντι.

431 3606 477 3673 ³0)
495 3602 568 3654 Snid.
586 3602 605 3653 l.
623 3603 642 3654 l.

315 3678 319 3687 ’
431 3688 478 3754 ⁸¹)
494 3688 579 3738 achal.
595 3686 730 3753 Ariatnph.
746 3687 816 3738 Plnt.
834 3703 861 3739 v.
878 3683 938 3737 ltu.

409 3772 478 3839 ,³2)
494 3769 570 3823 Snirl.
602 3768 722 3834 Φιλόξεν.
752 3766 861 3838 Kottaio-
895 3769 1050 3836 Colophone
1074 3785 1177 3837 quoqne
1198 3770 1376 3823 Philoxenum

381 3856 487 3923 aliqnoal
511 3860 614 3919 tempus
636 3854 734 3907 vixisse
759 3872 792 3906 ex
814 3854 848 3906 iia
872 3853 999 3922 colligas,
1023 3870 1091 3920 qnae
1114 3853 1307 3905 Hermeaiauex
1330 3869 1376 3920 ap.

382 3939 478 3993 Athen.
495 3938 566 3989 Xlll.
585 3956 611 4004 p.
628 3936 687 4001 598,
706 3957 728 3991 e.
748 3940 781 3991 de
798 3938 947 3990 Philoxeno
963 3939 1108 4004 praedicat.

434 4022 478 4088 83)
496 4020 610 4072 Casanb.
635 4024 669 4073 ad
691 4024 785 4075 Athen.
809 4025 846 4090 pl.
870 4024 899 4074 11.
921 4021 1043 4073 Perizon.
1066 4020 1100 4072 nol
1116 4020 1175 4072 Ael.
1198 4039 1225 4073 v.
1247 4021 1277 4071 h.
1293 4020 1328 4085 X,
1348 4018 1375 4072 9.

381 4105 540 4172 Waaaoling.
559 4106 593 4155 ad
610 4106 687 4157 Diod.
705 4106 759 4161 Sic.
776 4110 795 4161 t
811 4107 848 4161 11.
863 4122 892 4173 p.
908 4104 944 4170 8.,
961 4105 1008 4174 qui
1022 4105 1198 4161 Philoxenum
1213 4119 1336 4159 murram
1348 4108 1378 4157 et

378 4188 546 4260 lignritorcm
561 4188 687 4245 nominat.

431 4272 478 4338 ⁸⁴)
494 4272 517 4333 1,
534 4269 560 4323 h.
578 4290 602 4325 c.
619 4274 641 4327 f.

403 4403 408 4412 Ι
432 4356 478 4424 ³⁵)
495 4356 564 4422 vul,
580 4354 639 4411 841.
