<?xml version="1.0" encoding="UTF-8"?>
<!DOCTYPE html PUBLIC "-//W3C//DTD XHTML 1.0 Transitional//EN"
    "http://www.w3.org/TR/xhtml1/DTD/xhtml1-transitional.dtd">
<html xmlns="http://www.w3.org/1999/xhtml" xml:lang="en" lang="en">
 <head>
  <title>
</title>
<meta http-equiv="Content-Type" content="text/html;charset=utf-8" />
  <meta name='ocr-system' content='tesseract 3.04.00' />
  <meta name='ocr-capabilities' content='ocr_page ocr_carea ocr_par ocr_line ocrx_word'/>
</head>
<body>
  <div class='ocr_page' id='page_1' title='image "./philoxenitimoth00bippgoog_0043.png"; bbox 0 0 3259 5367; ppageno 0'>
   <div class='ocr_carea' id='block_1_1' title="bbox 142 702 1298 3297">
    <p class='ocr_par' dir='ltr' id='par_1_1' title="bbox 142 702 1273 1505">
     <span class='ocr_line' id='line_1_1' title="bbox 142 702 399 741; baseline -0.004 -29"><span class='ocrx_word' id='word_1_1' title='bbox 142 702 148 741; x_wconf 67' lang='lat'><strong>,</strong></span> <span class='ocrx_word' id='word_1_2' title='bbox 392 706 399 711; x_wconf 80' lang='grc'><strong><em>,</em></strong></span> 
     </span>
     <span class='ocr_line' id='line_1_2' title="bbox 142 744 1273 837; baseline -0.006 -12"><span class='ocrx_word' id='word_1_3' title='bbox 142 748 144 759; x_wconf 50' lang='lat'><em>²</em></span> <span class='ocrx_word' id='word_1_4' title='bbox 259 764 426 833; x_wconf 85' lang='lat' dir='ltr'><strong>emeretur,</strong></span> <span class='ocrx_word' id='word_1_5' title='bbox 458 752 590 837; x_wconf 84' lang='lat' dir='ltr'><strong>quisine</strong></span> <span class='ocrx_word' id='word_1_6' title='bbox 609 753 700 815; x_wconf 81' lang='lat' dir='ltr'><strong>dnbio</strong></span> <span class='ocrx_word' id='word_1_7' title='bbox 719 756 783 817; x_wconf 87' lang='lat' dir='ltr'><strong>elus</strong></span> <span class='ocrx_word' id='word_1_8' title='bbox 802 752 933 815; x_wconf 76' lang='lat' dir='ltr'><strong>indolem</strong></span> <span class='ocrx_word' id='word_1_9' title='bbox 954 756 1092 835; x_wconf 78' lang='lat' dir='ltr'><strong>cognovit</strong></span> <span class='ocrx_word' id='word_1_10' title='bbox 1119 744 1273 818; x_wconf 71' lang='lat' dir='ltr'><strong>stesso-⁴</strong></span> 
     </span>
     <span class='ocr_line' id='line_1_3' title="bbox 259 850 1272 938; baseline -0.01 -19"><span class='ocrx_word' id='word_1_11' title='bbox 259 858 333 929; x_wconf 89' lang='lat' dir='ltr'><strong>luit,</strong></span> <span class='ocrx_word' id='word_1_12' title='bbox 363 854 502 932; x_wconf 75' lang='lat' dir='ltr'><strong>brevique</strong></span> <span class='ocrx_word' id='word_1_13' title='bbox 528 872 595 913; x_wconf 91' lang='lat' dir='ltr'><strong>eum</strong></span> <span class='ocrx_word' id='word_1_14' title='bbox 616 852 648 911; x_wconf 92' lang='lat' dir='ltr'><strong>iu</strong></span> <span class='ocrx_word' id='word_1_15' title='bbox 667 850 853 925; x_wconf 79' lang='lat' dir='ltr'><strong>libertatem,</strong></span> <span class='ocrx_word' id='word_1_16' title='bbox 880 851 1023 929; x_wconf 86' lang='lat' dir='ltr'><strong>sineque</strong></span> <span class='ocrx_word' id='word_1_17' title='bbox 1043 851 1191 929; x_wconf 78' lang='lat' dir='ltr'><strong>ingenium</strong></span> <span class='ocrx_word' id='word_1_18' title='bbox 1212 850 1272 938; x_wconf 49' lang='lat'><strong>⁰⁵,</strong></span> 
     </span>
     <span class='ocr_line' id='line_1_4' title="bbox 261 945 1259 1032; baseline -0.008 -19"><span class='ocrx_word' id='word_1_19' title='bbox 261 952 498 1013; x_wconf 82' lang='lat' dir='ltr'><strong>florescerenon</strong></span> <span class='ocrx_word' id='word_1_20' title='bbox 517 952 637 1028; x_wconf 83' lang='lat' dir='ltr'><strong>potest,</strong></span> <span class='ocrx_word' id='word_1_21' title='bbox 667 946 808 1007; x_wconf 76' lang='lat' dir='ltr'><strong>restituit.</strong></span> <span class='ocrx_word' id='word_1_22' title='bbox 849 945 910 1007; x_wconf 85' lang='lat' dir='ltr'><strong>lem</strong></span> <span class='ocrx_word' id='word_1_23' title='bbox 936 952 971 1006; x_wconf 88' lang='lat' dir='ltr'><strong>ut</strong></span> <span class='ocrx_word' id='word_1_24' title='bbox 995 946 1041 1006; x_wconf 92' lang='lat' dir='ltr'><strong>sui</strong></span> <span class='ocrx_word' id='word_1_25' title='bbox 1066 948 1139 1007; x_wconf 84' lang='lat' dir='ltr'><strong>iusls</strong></span> <span class='ocrx_word' id='word_1_26' title='bbox 1160 946 1259 1032; x_wconf 87' lang='lat' dir='ltr'><strong>lactus</strong></span> 
     </span>
     <span class='ocr_line' id='line_1_5' title="bbox 261 1041 1259 1126; baseline -0.008 -17"><span class='ocrx_word' id='word_1_27' title='bbox 261 1054 318 1122; x_wconf 85' lang='lat' dir='ltr'><strong>esi,</strong></span> <span class='ocrx_word' id='word_1_28' title='bbox 347 1048 395 1107; x_wconf 88' lang='lat' dir='ltr'><strong>ubi</strong></span> <span class='ocrx_word' id='word_1_29' title='bbox 413 1046 542 1126; x_wconf 79' lang='lat' dir='ltr'><strong>primum</strong></span> <span class='ocrx_word' id='word_1_30' title='bbox 569 1042 615 1103; x_wconf 88' lang='lat' dir='ltr'><strong>rel</strong></span> <span class='ocrx_word' id='word_1_31' title='bbox 642 1041 828 1120; x_wconf 83' lang='lat' dir='ltr'><strong>potissimum</strong></span> <span class='ocrx_word' id='word_1_32' title='bbox 857 1046 950 1102; x_wconf 89' lang='lat' dir='ltr'><strong>artem</strong></span> <span class='ocrx_word' id='word_1_33' title='bbox 979 1060 1061 1101; x_wconf 87' lang='lat' dir='ltr'><strong>suam</strong></span> <span class='ocrx_word' id='word_1_34' title='bbox 1082 1043 1259 1121; x_wconf 79' lang='lat' dir='ltr'><strong>probaverit,</strong></span> 
     </span>
     <span class='ocr_line' id='line_1_6' title="bbox 262 1138 1258 1215; baseline -0.008 -12"><span class='ocrx_word' id='word_1_35' title='bbox 262 1160 318 1203; x_wconf 89' lang='lat' dir='ltr'><strong>nou</strong></span> <span class='ocrx_word' id='word_1_36' title='bbox 340 1147 471 1213; x_wconf 87' lang='lat' dir='ltr'><strong>constat,</strong></span> <span class='ocrx_word' id='word_1_37' title='bbox 504 1138 606 1199; x_wconf 86' lang='lat' dir='ltr'><strong>sedem</strong></span> <span class='ocrx_word' id='word_1_38' title='bbox 632 1145 731 1197; x_wconf 86' lang='lat' dir='ltr'><strong>sutem</strong></span> <span class='ocrx_word' id='word_1_39' title='bbox 757 1154 842 1197; x_wconf 88' lang='lat' dir='ltr'><strong>suam</strong></span> <span class='ocrx_word' id='word_1_40' title='bbox 872 1155 1016 1215; x_wconf 87' lang='lat' dir='ltr'><strong>nusqusm</strong></span> <span class='ocrx_word' id='word_1_41' title='bbox 1044 1156 1112 1197; x_wconf 91' lang='lat' dir='ltr'><strong>eum</strong></span> <span class='ocrx_word' id='word_1_42' title='bbox 1132 1138 1258 1209; x_wconf 87' lang='lat' dir='ltr'><strong>iirmam,</strong></span> 
     </span>
     <span class='ocr_line' id='line_1_7' title="bbox 263 1231 1260 1310; baseline -0.006 -13"><span class='ocrx_word' id='word_1_43' title='bbox 263 1238 315 1297; x_wconf 90' lang='lat' dir='ltr'><strong>sed</strong></span> <span class='ocrx_word' id='word_1_44' title='bbox 336 1237 427 1297; x_wconf 75' lang='grc' dir='ltr'>ιιιιιᾱο</span> <span class='ocrx_word' id='word_1_45' title='bbox 446 1236 505 1307; x_wconf 90' lang='lat' dir='ltr'><strong>hio,</strong></span> <span class='ocrx_word' id='word_1_46' title='bbox 526 1233 615 1293; x_wconf 91' lang='lat' dir='ltr'><strong>modo</strong></span> <span class='ocrx_word' id='word_1_47' title='bbox 634 1232 693 1291; x_wconf 88' lang='lat' dir='ltr'><strong>illio</strong></span> <span class='ocrx_word' id='word_1_48' title='bbox 714 1232 885 1293; x_wconf 85' lang='lat' dir='ltr'><strong>collocatam</strong></span> <span class='ocrx_word' id='word_1_49' title='bbox 898 1232 1040 1293; x_wconf 83' lang='lat' dir='ltr'><strong>habuisse</strong></span> <span class='ocrx_word' id='word_1_50' title='bbox 1060 1231 1100 1292; x_wconf 64' lang='lat' dir='ltr'><strong>ex‘</strong></span> <span class='ocrx_word' id='word_1_51' title='bbox 1116 1234 1163 1306; x_wconf 91' lang='lat' dir='ltr'><strong>ils,</strong></span> <span class='ocrx_word' id='word_1_52' title='bbox 1185 1250 1260 1310; x_wconf 90' lang='lat' dir='ltr'><strong>quae</strong></span> 
     </span>
     <span class='ocr_line' id='line_1_8' title="bbox 261 1327 1261 1407; baseline -0.004 -17"><span class='ocrx_word' id='word_1_53' title='bbox 261 1332 300 1390; x_wconf 91' lang='lat' dir='ltr'><strong>de</strong></span> <span class='ocrx_word' id='word_1_54' title='bbox 320 1332 384 1390; x_wconf 88' lang='lat' dir='ltr'><strong>eius</strong></span> <span class='ocrx_word' id='word_1_55' title='bbox 404 1330 463 1389; x_wconf 83' lang='lat' dir='ltr'><strong>vita</strong></span> <span class='ocrx_word' id='word_1_56' title='bbox 483 1328 768 1406; x_wconf 76' lang='lat' dir='ltr'><strong>memorioeprudita</strong></span> <span class='ocrx_word' id='word_1_57' title='bbox 787 1333 865 1400; x_wconf 85' lang='lat' dir='ltr'><strong>suut,</strong></span> <span class='ocrx_word' id='word_1_58' title='bbox 890 1328 1049 1407; x_wconf 69' lang='lat' dir='ltr'><strong>colligitur.</strong></span> <span class='ocrx_word' id='word_1_59' title='bbox 1089 1327 1165 1387; x_wconf 88' lang='lat' dir='ltr'><strong>Nam</strong></span> <span class='ocrx_word' id='word_1_60' title='bbox 1185 1345 1261 1403; x_wconf 85' lang='lat' dir='ltr'><strong>quae</strong></span> 
     </span>
     <span class='ocr_line' id='line_1_9' title="bbox 260 1422 1117 1505; baseline -0.007 -19"><span class='ocrx_word' id='word_1_61' title='bbox 260 1425 442 1505; x_wconf 77' lang='lat' dir='ltr'><strong>aplurioos.</strong></span> <span class='ocrx_word' id='word_1_62' title='bbox 453 1422 649 1503; x_wconf 72' lang='lat' dir='ltr'><strong>scriptoribus</strong></span> <span class='ocrx_word' id='word_1_63' title='bbox 670 1430 833 1496; x_wconf 81' lang='lat' dir='ltr'><strong>narrantur,</strong></span> <span class='ocrx_word' id='word_1_64' title='bbox 853 1428 923 1481; x_wconf 91' lang='lat' dir='ltr'><strong>suut</strong></span> <span class='ocrx_word' id='word_1_65' title='bbox 941 1422 1006 1481; x_wconf 83' lang='lat' dir='ltr'><strong>lere</strong></span> <span class='ocrx_word' id='word_1_66' title='bbox 1025 1423 1117 1481; x_wconf 68' lang='lat' dir='ltr'><strong>haece</strong></span> 
     </span>
    </p>

    <p class='ocr_par' dir='ltr' id='par_1_2' title="bbox 252 1514 1262 2053">
     <span class='ocr_line' id='line_1_10' title="bbox 339 1514 1261 1596; baseline -0.005 -18"><span class='ocrx_word' id='word_1_67' title='bbox 339 1520 482 1579; x_wconf 81' lang='lat' dir='ltr'><strong>Florente</strong></span> <span class='ocrx_word' id='word_1_68' title='bbox 501 1522 601 1579; x_wconf 82' lang='lat' dir='ltr'><strong>aetate</strong></span> <span class='ocrx_word' id='word_1_69' title='bbox 619 1516 799 1579; x_wconf 84' lang='lat' dir='ltr'><strong>Philoxenus</strong></span> <span class='ocrx_word' id='word_1_70' title='bbox 828 1518 948 1595; x_wconf 85' lang='lat' dir='ltr'><strong>aliquod</strong></span> <span class='ocrx_word' id='word_1_71' title='bbox 969 1523 1086 1596; x_wconf 85' lang='lat' dir='ltr'><strong>tempus</strong></span> <span class='ocrx_word' id='word_1_72' title='bbox 1106 1514 1261 1592; x_wconf 81' lang='lat' dir='ltr'><strong>Syracusis</strong></span> 
     </span>
     <span class='ocr_line' id='line_1_11' title="bbox 259 1611 1261 1693; baseline -0.006 -18"><span class='ocrx_word' id='word_1_73' title='bbox 259 1614 340 1693; x_wconf 76' lang='lat' dir='ltr'><strong>apud</strong></span> <span class='ocrx_word' id='word_1_74' title='bbox 359 1614 531 1691; x_wconf 84' lang='lat' dir='ltr'><strong>Dionysium</strong></span> <span class='ocrx_word' id='word_1_75' title='bbox 558 1614 697 1675; x_wconf 86' lang='lat' dir='ltr'><strong>msiorem</strong></span> <span class='ocrx_word' id='word_1_76' title='bbox 724 1616 796 1675; x_wconf 79' lang='lat' dir='ltr'><strong>vixit</strong></span> <span class='ocrx_word' id='word_1_77' title='bbox 823 1614 902 1673; x_wconf 85' lang='lat' dir='ltr'><strong>circa</strong></span> <span class='ocrx_word' id='word_1_78' title='bbox 928 1613 967 1673; x_wconf 88' lang='lat' dir='ltr'><strong>ol.</strong></span> <span class='ocrx_word' id='word_1_79' title='bbox 994 1611 1125 1673; x_wconf 83' lang='lat' dir='ltr'><strong>XCVlll.</strong></span> <span class='ocrx_word' id='word_1_80' title='bbox 1154 1627 1261 1671; x_wconf 86' lang='lat' dir='ltr'><strong>annum</strong></span> 
     </span>
     <span class='ocr_line' id='line_1_12' title="bbox 261 1705 1261 1787; baseline -0.005 -17"><span class='ocrx_word' id='word_1_81' title='bbox 261 1710 402 1777; x_wconf 84' lang='lat' dir='ltr'><strong>tertium,</strong></span> <span class='ocrx_word' id='word_1_82' title='bbox 429 1726 488 1786; x_wconf 86' lang='lat' dir='ltr'><strong>quo</strong></span> <span class='ocrx_word' id='word_1_83' title='bbox 508 1714 643 1785; x_wconf 82' lang='lat' dir='ltr'><strong>temporo</strong></span> <span class='ocrx_word' id='word_1_84' title='bbox 656 1715 821 1787; x_wconf 51' lang='lat' dir='ltr'><strong>&#39;tyrannum</strong></span> <span class='ocrx_word' id='word_1_85' title='bbox 840 1708 927 1770; x_wconf 84' lang='lat' dir='ltr'><strong>hellis</strong></span> <span class='ocrx_word' id='word_1_86' title='bbox 947 1726 1015 1768; x_wconf 90' lang='lat' dir='ltr'><strong>cum</strong></span> <span class='ocrx_word' id='word_1_87' title='bbox 1035 1705 1261 1783; x_wconf 69' lang='lat' dir='ltr'><strong>Carthaginien·</strong></span> 
     </span>
     <span class='ocr_line' id='line_1_13' title="bbox 252 1799 1262 1883; baseline -0.006 -19"><span class='ocrx_word' id='word_1_88' title='bbox 252 1805 344 1864; x_wconf 82' lang='lat' dir='ltr'><strong>-silsus</strong></span> <span class='ocrx_word' id='word_1_89' title='bbox 359 1803 488 1863; x_wconf 81' lang='lat' dir='ltr'><strong>feliciter</strong></span> <span class='ocrx_word' id='word_1_90' title='bbox 507 1804 611 1883; x_wconf 82' lang='lat' dir='ltr'><strong>gestis,</strong></span> <span class='ocrx_word' id='word_1_91' title='bbox 631 1822 689 1865; x_wconf 86' lang='lat' dir='ltr'><strong>uon</strong></span> <span class='ocrx_word' id='word_1_92' title='bbox 708 1805 804 1865; x_wconf 91' lang='lat' dir='ltr'><strong>solum</strong></span> <span class='ocrx_word' id='word_1_93' title='bbox 823 1806 889 1883; x_wconf 84' lang='lat' dir='ltr'><strong>ipse</strong></span> <span class='ocrx_word' id='word_1_94' title='bbox 909 1804 1081 1864; x_wconf 84' lang='lat' dir='ltr'><strong>serminihus</strong></span> <span class='ocrx_word' id='word_1_95' title='bbox 1099 1799 1262 1881; x_wconf 71' lang='lat' dir='ltr'><strong>pangendis</strong></span> 
     </span>
     <span class='ocr_line' id='line_1_14' title="bbox 264 1893 1259 1978; baseline -0.005 -19"><span class='ocrx_word' id='word_1_96' title='bbox 264 1914 384 1978; x_wconf 83' lang='lat' dir='ltr'><strong>operam</strong></span> <span class='ocrx_word' id='word_1_97' title='bbox 405 1893 505 1970; x_wconf 84' lang='lat' dir='ltr'><strong>dedit,</strong></span> <span class='ocrx_word' id='word_1_98' title='bbox 523 1898 687 1958; x_wconf 88' lang='lat' dir='ltr'><strong>sedetiam</strong></span> <span class='ocrx_word' id='word_1_99' title='bbox 706 1900 819 1973; x_wconf 86' lang='lat' dir='ltr'><strong>mullis,</strong></span> <span class='ocrx_word' id='word_1_100' title='bbox 839 1918 913 1978; x_wconf 88' lang='lat' dir='ltr'><strong>qnos</strong></span> <span class='ocrx_word' id='word_1_101' title='bbox 934 1900 1166 1973; x_wconf 82' lang='lat' dir='ltr'><strong>convocsverst,</strong></span> <span class='ocrx_word' id='word_1_102' title='bbox 1188 1913 1259 1975; x_wconf 81' lang='lat' dir='ltr'><strong>poe-</strong></span> 
     </span>
     <span class='ocr_line' id='line_1_15' title="bbox 264 1991 783 2053; baseline -0.002 -1"><span class='ocrx_word' id='word_1_103' title='bbox 264 1994 303 2052; x_wconf 85' lang='lat' dir='ltr'><strong>tis</strong></span> <span class='ocrx_word' id='word_1_104' title='bbox 323 1991 510 2050; x_wconf 67' lang='lat' dir='ltr'><strong>familiariter</strong></span> <span class='ocrx_word' id='word_1_105' title='bbox 529 2010 599 2053; x_wconf 89' lang='lat' dir='ltr'><strong>usus</strong></span> <span class='ocrx_word' id='word_1_106' title='bbox 620 1998 675 2053; x_wconf 89' lang='lat' dir='ltr'><strong>est.</strong></span> <span class='ocrx_word' id='word_1_107' title='bbox 780 2026 783 2035; x_wconf 67' lang='lat'>=</span> 
     </span>
    </p>

    <p class='ocr_par' dir='ltr' id='par_1_3' title="bbox 262 2084 1298 3297">
     <span class='ocr_line' id='line_1_16' title="bbox 340 2084 1261 2165; baseline -0.001 -23"><span class='ocrx_word' id='word_1_108' title='bbox 340 2084 424 2143; x_wconf 83' lang='lat' dir='ltr'><strong>llaec</strong></span> <span class='ocrx_word' id='word_1_109' title='bbox 443 2085 586 2144; x_wconf 88' lang='lat' dir='ltr'><strong>debemus</strong></span> <span class='ocrx_word' id='word_1_110' title='bbox 607 2086 737 2146; x_wconf 79' lang='lat' dir='ltr'><strong>lliudoro</strong></span> <span class='ocrx_word' id='word_1_111' title='bbox 758 2087 858 2145; x_wconf 84' lang='lat' dir='ltr'><strong>Siculo</strong></span> <span class='ocrx_word' id='word_1_112' title='bbox 875 2087 945 2165; x_wconf 69' lang='lat'><strong>¹³),</strong></span> <span class='ocrx_word' id='word_1_113' title='bbox 972 2088 1025 2147; x_wconf 87' lang='lat' dir='ltr'><strong>sed</strong></span> <span class='ocrx_word' id='word_1_114' title='bbox 1053 2091 1174 2165; x_wconf 80' lang='lat' dir='ltr'><strong>praeter</strong></span> <span class='ocrx_word' id='word_1_115' title='bbox 1192 2085 1261 2142; x_wconf 83' lang='lat' dir='ltr'><strong>eum</strong></span> 
     </span>
     <span class='ocr_line' id='line_1_17' title="bbox 263 2178 1262 2255; baseline -0.003 -15"><span class='ocrx_word' id='word_1_116' title='bbox 263 2181 352 2241; x_wconf 87' lang='lat' dir='ltr'><strong>etiem</strong></span> <span class='ocrx_word' id='word_1_117' title='bbox 379 2179 430 2237; x_wconf 91' lang='lat' dir='ltr'><strong>alii</strong></span> <span class='ocrx_word' id='word_1_118' title='bbox 457 2178 543 2238; x_wconf 89' lang='lat' dir='ltr'><strong>mulii</strong></span> <span class='ocrx_word' id='word_1_119' title='bbox 563 2181 601 2239; x_wconf 81' lang='lat' dir='ltr'><strong>de</strong></span> <span class='ocrx_word' id='word_1_120' title='bbox 620 2180 783 2239; x_wconf 81' lang='lat' dir='ltr'><strong>Philoxeno</strong></span> <span class='ocrx_word' id='word_1_121' title='bbox 803 2180 957 2255; x_wconf 75' lang='lat' dir='ltr'><strong>Syracusis</strong></span> <span class='ocrx_word' id='word_1_122' title='bbox 976 2188 1112 2241; x_wconf 86' lang='lat' dir='ltr'><strong>versante</strong></span> <span class='ocrx_word' id='word_1_123' title='bbox 1131 2178 1262 2238; x_wconf 85' lang='lat' dir='ltr'><strong>mentio-</strong></span> 
     </span>
     <span class='ocr_line' id='line_1_18' title="bbox 262 2274 1263 2353; baseline -0.004 -18"><span class='ocrx_word' id='word_1_124' title='bbox 262 2289 330 2335; x_wconf 86' lang='lat' dir='ltr'><strong>nem</strong></span> <span class='ocrx_word' id='word_1_125' title='bbox 356 2274 485 2343; x_wconf 84' lang='lat' dir='ltr'><strong>iaciunt,</strong></span> <span class='ocrx_word' id='word_1_126' title='bbox 517 2278 606 2350; x_wconf 88' lang='lat' dir='ltr'><strong>etque</strong></span> <span class='ocrx_word' id='word_1_127' title='bbox 634 2274 869 2335; x_wconf 87' lang='lat' dir='ltr'><strong>narratiunculae</strong></span> <span class='ocrx_word' id='word_1_128' title='bbox 893 2275 1036 2353; x_wconf 84' lang='lat' dir='ltr'><strong>quuedsm</strong></span> <span class='ocrx_word' id='word_1_129' title='bbox 1061 2274 1214 2346; x_wconf 80' lang='lat' dir='ltr'><strong>feruutur,</strong></span> <span class='ocrx_word' id='word_1_130' title='bbox 1243 2290 1263 2331; x_wconf 89' lang='lat' dir='ltr'><strong>e</strong></span> 
     </span>
     <span class='ocr_line' id='line_1_19' title="bbox 264 2366 1298 2449; baseline -0.004 -20"><span class='ocrx_word' id='word_1_131' title='bbox 264 2370 369 2449; x_wconf 86' lang='lat' dir='ltr'><strong>quihus</strong></span> <span class='ocrx_word' id='word_1_132' title='bbox 381 2406 382 2409; x_wconf 59' lang='lat'><em>=</em></span> <span class='ocrx_word' id='word_1_133' title='bbox 394 2376 427 2427; x_wconf 85' lang='lat' dir='ltr'><strong>et</strong></span> <span class='ocrx_word' id='word_1_134' title='bbox 455 2370 601 2449; x_wconf 90' lang='lat' dir='ltr'><strong>quomodo</strong></span> <span class='ocrx_word' id='word_1_135' title='bbox 621 2367 799 2427; x_wconf 83' lang='lat' dir='ltr'><strong>Philoxenus</strong></span> <span class='ocrx_word' id='word_1_136' title='bbox 828 2372 924 2429; x_wconf 85' lang='lat' dir='ltr'><strong>auimo</strong></span> <span class='ocrx_word' id='word_1_137' title='bbox 954 2378 985 2429; x_wconf 90' lang='lat' dir='ltr'><strong>et</strong></span> <span class='ocrx_word' id='word_1_138' title='bbox 1003 2370 1133 2429; x_wconf 79' lang='lat' dir='ltr'><strong>moribus</strong></span> <span class='ocrx_word' id='word_1_139' title='bbox 1152 2366 1262 2427; x_wconf 89' lang='lat' dir='ltr'><strong>consti·</strong></span> <span class='ocrx_word' id='word_1_140' title='bbox 1294 2427 1298 2435; x_wconf 64' lang='grc'>,</span> 
     </span>
     <span class='ocr_line' id='line_1_20' title="bbox 264 2462 1261 2543; baseline -0.004 -19"><span class='ocrx_word' id='word_1_141' title='bbox 264 2468 347 2525; x_wconf 87' lang='lat' dir='ltr'><strong>tutus</strong></span> <span class='ocrx_word' id='word_1_142' title='bbox 366 2462 466 2537; x_wconf 79' lang='lat' dir='ltr'><strong>fuerit,</strong></span> <span class='ocrx_word' id='word_1_143' title='bbox 487 2470 520 2524; x_wconf 85' lang='lat' dir='ltr'><strong>et</strong></span> <span class='ocrx_word' id='word_1_144' title='bbox 538 2462 794 2539; x_wconf 68' lang='lat' dir='ltr'><strong>quamdamlliaris</strong></span> <span class='ocrx_word' id='word_1_145' title='bbox 814 2465 1085 2543; x_wconf 65' lang='lat' dir='ltr'><strong>interposuisset</strong></span> <span class='ocrx_word' id='word_1_146' title='bbox 1103 2468 1261 2539; x_wconf 79' lang='lat' dir='ltr'><strong>tyranuum</strong></span> 
     </span>
     <span class='ocr_line' id='line_1_21' title="bbox 263 2556 1261 2636; baseline -0.005 -16"><span class='ocrx_word' id='word_1_147' title='bbox 263 2560 465 2620; x_wconf 74' lang='lat' dir='ltr'><strong>intercesserit</strong></span> <span class='ocrx_word' id='word_1_148' title='bbox 489 2559 604 2618; x_wconf 82' lang='lat' dir='ltr'><strong>vivendi</strong></span> <span class='ocrx_word' id='word_1_149' title='bbox 629 2560 829 2628; x_wconf 88' lang='lat' dir='ltr'><strong>cousuetudo,</strong></span> <span class='ocrx_word' id='word_1_150' title='bbox 859 2561 1072 2636; x_wconf 74' lang='lat' dir='ltr'><strong>cognoscimus.</strong></span> <span class='ocrx_word' id='word_1_151' title='bbox 1112 2556 1261 2635; x_wconf 82' lang='lat' dir='ltr'><strong>Diogenes</strong></span> 
     </span>
     <span class='ocr_line' id='line_1_22' title="bbox 263 2646 1260 2733; baseline -0.005 -20"><span class='ocrx_word' id='word_1_152' title='bbox 263 2655 383 2733; x_wconf 82' lang='lat' dir='ltr'><strong>quidem</strong></span> <span class='ocrx_word' id='word_1_153' title='bbox 410 2654 547 2713; x_wconf 86' lang='lat' dir='ltr'><strong>Laertius</strong></span> <span class='ocrx_word' id='word_1_154' title='bbox 563 2650 611 2732; x_wconf 76' lang='lat'><strong>¹⁴)</strong></span> <span class='ocrx_word' id='word_1_155' title='bbox 639 2654 761 2713; x_wconf 83' lang='lat' dir='ltr'><strong>exhibet</strong></span> <span class='ocrx_word' id='word_1_156' title='bbox 787 2646 882 2715; x_wconf 80' lang='lat' dir='ltr'><strong>hanc:</strong></span> <span class='ocrx_word' id='word_1_157' title='bbox 926 2654 1132 2724; x_wconf 79' lang='lat' dir='ltr'><strong>Philoxenum,</strong></span> <span class='ocrx_word' id='word_1_158' title='bbox 1170 2668 1260 2729; x_wconf 89' lang='lat' dir='ltr'><strong>quum</strong></span> 
     </span>
     <span class='ocr_line' id='line_1_23' title="bbox 263 2748 1261 2827; baseline -0.005 -19"><span class='ocrx_word' id='word_1_159' title='bbox 263 2750 417 2825; x_wconf 85' lang='lat' dir='ltr'><strong>aliquando</strong></span> <span class='ocrx_word' id='word_1_160' title='bbox 438 2750 637 2827; x_wconf 83' lang='lat' dir='ltr'><strong>Syracusanos</strong></span> <span class='ocrx_word' id='word_1_161' title='bbox 665 2750 775 2809; x_wconf 87' lang='lat' dir='ltr'><strong>lateres</strong></span> <span class='ocrx_word' id='word_1_162' title='bbox 803 2750 984 2808; x_wconf 78' lang='lat' dir='ltr'><strong>l&#39;alrricsnies</strong></span> <span class='ocrx_word' id='word_1_163' title='bbox 1010 2748 1173 2806; x_wconf 70' lang='lat' dir='ltr'><strong>audivisset</strong></span> <span class='ocrx_word' id='word_1_164' title='bbox 1191 2763 1261 2804; x_wconf 90' lang='lat' dir='ltr'><strong>car—</strong></span> 
     </span>
     <span class='ocr_line' id='line_1_24' title="bbox 263 2842 1260 2921; baseline -0.005 -18"><span class='ocrx_word' id='word_1_165' title='bbox 263 2845 414 2903; x_wconf 87' lang='lat' dir='ltr'><strong>mius.sua</strong></span> <span class='ocrx_word' id='word_1_166' title='bbox 433 2846 510 2908; x_wconf 85' lang='lat' dir='ltr'><strong>male</strong></span> <span class='ocrx_word' id='word_1_167' title='bbox 530 2851 682 2915; x_wconf 88' lang='lat' dir='ltr'><strong>canentes,</strong></span> <span class='ocrx_word' id='word_1_168' title='bbox 704 2845 778 2902; x_wconf 88' lang='lat' dir='ltr'><strong>adeo</strong></span> <span class='ocrx_word' id='word_1_169' title='bbox 798 2844 875 2902; x_wconf 90' lang='lat' dir='ltr'><strong>hanc</strong></span> <span class='ocrx_word' id='word_1_170' title='bbox 894 2862 958 2902; x_wconf 89' lang='lat' dir='ltr'><strong>rem</strong></span> <span class='ocrx_word' id='word_1_171' title='bbox 978 2842 1160 2921; x_wconf 76' lang='lat' dir='ltr'><strong>indignatum</strong></span> <span class='ocrx_word' id='word_1_172' title='bbox 1182 2858 1260 2913; x_wconf 87' lang='lat' dir='ltr'><strong>esse,</strong></span> 
     </span>
     <span class='ocr_line' id='line_1_25' title="bbox 264 2936 1260 3011; baseline -0.004 -14"><span class='ocrx_word' id='word_1_173' title='bbox 264 2944 298 2997; x_wconf 86' lang='lat' dir='ltr'><strong>ut</strong></span> <span class='ocrx_word' id='word_1_174' title='bbox 327 2938 425 2997; x_wconf 84' lang='lat' dir='ltr'><strong>stetim</strong></span> <span class='ocrx_word' id='word_1_175' title='bbox 453 2939 575 2995; x_wconf 89' lang='lat' dir='ltr'><strong>istorum</strong></span> <span class='ocrx_word' id='word_1_176' title='bbox 605 2936 713 2994; x_wconf 88' lang='lat' dir='ltr'><strong>lateres</strong></span> <span class='ocrx_word' id='word_1_177' title='bbox 741 2938 902 3010; x_wconf 80' lang='lat' dir='ltr'><strong>frangeret.</strong></span> <span class='ocrx_word' id='word_1_178' title='bbox 943 2937 1040 2996; x_wconf 89' lang='lat' dir='ltr'><strong>Aliam</strong></span> <span class='ocrx_word' id='word_1_179' title='bbox 1068 2936 1148 3011; x_wconf 84' lang='lat' dir='ltr'><strong>opud</strong></span> <span class='ocrx_word' id='word_1_180' title='bbox 1167 2936 1260 2994; x_wconf 86' lang='lat' dir='ltr'><strong>Athe·</strong></span> 
     </span>
     <span class='ocr_line' id='line_1_26' title="bbox 263 3027 1260 3106; baseline -0.004 -15"><span class='ocrx_word' id='word_1_181' title='bbox 263 3029 430 3106; x_wconf 84' lang='lat' dir='ltr'><strong>uaeum1⁵)</strong></span> <span class='ocrx_word' id='word_1_182' title='bbox 467 3030 608 3105; x_wconf 70' lang='lat' dir='ltr'><strong>legimus,</strong></span> <span class='ocrx_word' id='word_1_183' title='bbox 644 3030 694 3102; x_wconf 87' lang='lat' dir='ltr'><strong>qui</strong></span> <span class='ocrx_word' id='word_1_184' title='bbox 722 3028 863 3087; x_wconf 86' lang='lat' dir='ltr'><strong>Phaniam</strong></span> <span class='ocrx_word' id='word_1_185' title='bbox 892 3028 966 3086; x_wconf 87' lang='lat' dir='ltr'><strong>dicit</strong></span> <span class='ocrx_word' id='word_1_186' title='bbox 997 3027 1072 3085; x_wconf 89' lang='lat' dir='ltr'><strong>haec</strong></span> <span class='ocrx_word' id='word_1_187' title='bbox 1105 3046 1260 3088; x_wconf 75' lang='lat' dir='ltr'><strong>narrasset</strong></span> 
     </span>
     <span class='ocr_line' id='line_1_27' title="bbox 262 3116 1261 3197; baseline 0.002 -19"><span class='ocrx_word' id='word_1_188' title='bbox 262 3125 444 3185; x_wconf 80' lang='lat' dir='ltr'><strong>Philoxenus</strong></span> <span class='ocrx_word' id='word_1_189' title='bbox 472 3116 626 3196; x_wconf 83' lang='lat' dir='ltr'><strong>aliquando</strong></span> <span class='ocrx_word' id='word_1_190' title='bbox 657 3138 723 3178; x_wconf 88' lang='lat' dir='ltr'><strong>cum</strong></span> <span class='ocrx_word' id='word_1_191' title='bbox 743 3117 885 3195; x_wconf 79' lang='lat' dir='ltr'><strong>Dionysio</strong></span> <span class='ocrx_word' id='word_1_192' title='bbox 906 3118 1028 3197; x_wconf 83' lang='lat' dir='ltr'><strong>epulans</strong></span> <span class='ocrx_word' id='word_1_193' title='bbox 1048 3120 1119 3178; x_wconf 88' lang='lat' dir='ltr'><strong>huic</strong></span> <span class='ocrx_word' id='word_1_194' title='bbox 1137 3123 1261 3180; x_wconf 89' lang='lat' dir='ltr'><strong>mullum</strong></span> 
     </span>
     <span class='ocr_line' id='line_1_28' title="bbox 262 3213 1261 3297; baseline -0.005 -18"><span class='ocrx_word' id='word_1_195' title='bbox 262 3220 428 3297; x_wconf 76' lang='lat' dir='ltr'><strong>ingentem,</strong></span> <span class='ocrx_word' id='word_1_196' title='bbox 459 3215 514 3274; x_wconf 87' lang='lat' dir='ltr'><strong>sibl</strong></span> <span class='ocrx_word' id='word_1_197' title='bbox 539 3232 660 3291; x_wconf 82' lang='lat' dir='ltr'><strong>parvum</strong></span> <span class='ocrx_word' id='word_1_198' title='bbox 689 3213 875 3292; x_wconf 85' lang='lat' dir='ltr'><strong>propositum</strong></span> <span class='ocrx_word' id='word_1_199' title='bbox 904 3231 971 3272; x_wconf 88' lang='lat' dir='ltr'><strong>esse</strong></span> <span class='ocrx_word' id='word_1_200' title='bbox 997 3214 1135 3275; x_wconf 88' lang='lat' dir='ltr'><strong>advertit.</strong></span> <span class='ocrx_word' id='word_1_201' title='bbox 1173 3215 1261 3290; x_wconf 76' lang='lat' dir='ltr'><strong>Quod</strong></span> 
     </span>
    </p>
   </div>
   <div class='ocr_carea' id='block_1_2' title="bbox 263 3302 1361 3389">
    <p class='ocr_par' dir='ltr' id='par_1_4' title="bbox 263 3302 1361 3389">
     <span class='ocr_line' id='line_1_29' title="bbox 263 3302 1361 3389; baseline 0.002 -21"><span class='ocrx_word' id='word_1_202' title='bbox 263 3330 351 3389; x_wconf 88' lang='lat' dir='ltr'><strong>quum</strong></span> <span class='ocrx_word' id='word_1_203' title='bbox 373 3328 461 3385; x_wconf 81' lang='lat' dir='ltr'><strong>aegre</strong></span> <span class='ocrx_word' id='word_1_204' title='bbox 480 3309 583 3381; x_wconf 82' lang='lat' dir='ltr'><strong>ferrei,</strong></span> <span class='ocrx_word' id='word_1_205' title='bbox 604 3308 756 3386; x_wconf 87' lang='lat' dir='ltr'><strong>parvulum</strong></span> <span class='ocrx_word' id='word_1_206' title='bbox 773 3328 858 3368; x_wconf 86' lang='lat' dir='ltr'><strong>suum</strong></span> <span class='ocrx_word' id='word_1_207' title='bbox 879 3308 916 3366; x_wconf 90' lang='lat' dir='ltr'><strong>ad</strong></span> <span class='ocrx_word' id='word_1_208' title='bbox 937 3326 1024 3367; x_wconf 79' lang='lat' dir='ltr'><strong>austes</strong></span> <span class='ocrx_word' id='word_1_209' title='bbox 1045 3310 1100 3369; x_wconf 90' lang='lat' dir='ltr'><strong>sihi</strong></span> <span class='ocrx_word' id='word_1_210' title='bbox 1120 3309 1260 3383; x_wconf 85' lang='lat' dir='ltr'><strong>admovit,</strong></span> <span class='ocrx_word' id='word_1_211' title='bbox 1311 3320 1317 3327; x_wconf 73' lang='grc'><em>“</em></span> <span class='ocrx_word' id='word_1_212' title='bbox 1358 3302 1361 3307; x_wconf 59' lang='grc'><strong>’</strong></span> 
     </span>
    </p>
   </div>
   <div class='ocr_carea' id='block_1_3' title="bbox 219 3402 1260 4051">
    <p class='ocr_par' dir='ltr' id='par_1_5' title="bbox 219 3402 1260 4051">
     <span class='ocr_line' id='line_1_30' title="bbox 263 3402 1260 3483; baseline 0.001 -19"><span class='ocrx_word' id='word_1_213' title='bbox 263 3406 348 3483; x_wconf 76' lang='lat' dir='ltr'><strong>quossi</strong></span> <span class='ocrx_word' id='word_1_214' title='bbox 368 3405 436 3483; x_wconf 89' lang='lat' dir='ltr'><strong>quid</strong></span> <span class='ocrx_word' id='word_1_215' title='bbox 459 3422 551 3463; x_wconf 84' lang='lat' dir='ltr'><strong>exeo</strong></span> <span class='ocrx_word' id='word_1_216' title='bbox 574 3422 717 3481; x_wconf 84' lang='lat' dir='ltr'><strong>quaerere</strong></span> <span class='ocrx_word' id='word_1_217' title='bbox 744 3402 853 3478; x_wconf 81' lang='lat' dir='ltr'><strong>uellet,</strong></span> <span class='ocrx_word' id='word_1_218' title='bbox 874 3402 1014 3479; x_wconf 82' lang='lat' dir='ltr'><strong>Dionysio</strong></span> <span class='ocrx_word' id='word_1_219' title='bbox 1040 3410 1155 3478; x_wconf 86' lang='lat' dir='ltr'><strong>sutem,</strong></span> <span class='ocrx_word' id='word_1_220' title='bbox 1189 3406 1260 3483; x_wconf 85' lang='lat' dir='ltr'><strong>quid</strong></span> 
     </span>
     <span class='ocr_line' id='line_1_31' title="bbox 262 3498 1260 3582; baseline 0 -22"><span class='ocrx_word' id='word_1_221' title='bbox 262 3498 430 3572; x_wconf 78' lang='lat' dir='ltr'><strong>moliretur,</strong></span> <span class='ocrx_word' id='word_1_222' title='bbox 451 3500 643 3576; x_wconf 79' lang='lat' dir='ltr'><strong>interroganti</strong></span> <span class='ocrx_word' id='word_1_223' title='bbox 663 3498 815 3582; x_wconf 84' lang='lat' dir='ltr'><strong>respoudit</strong></span> <span class='ocrx_word' id='word_1_224' title='bbox 844 3518 877 3558; x_wconf 91' lang='lat' dir='ltr'><strong>se</strong></span> <span class='ocrx_word' id='word_1_225' title='bbox 898 3498 1049 3557; x_wconf 75' lang='lat' dir='ltr'><strong>Galateam</strong></span> <span class='ocrx_word' id='word_1_226' title='bbox 1080 3500 1260 3577; x_wconf 87' lang='lat' dir='ltr'><strong>scripturum</strong></span> 
     </span>
     <span class='ocr_line' id='line_1_32' title="bbox 262 3592 1260 3672; baseline -0.003 -17"><span class='ocrx_word' id='word_1_227' title='bbox 262 3596 301 3655; x_wconf 89' lang='lat' dir='ltr'><strong>de</strong></span> <span class='ocrx_word' id='word_1_228' title='bbox 320 3594 418 3653; x_wconf 88' lang='lat' dir='ltr'><strong>Nereo</strong></span> <span class='ocrx_word' id='word_1_229' title='bbox 439 3592 579 3672; x_wconf 88' lang='lat' dir='ltr'><strong>quaedam</strong></span> <span class='ocrx_word' id='word_1_230' title='bbox 601 3612 623 3653; x_wconf 87' lang='lat' dir='ltr'><strong>e</strong></span> <span class='ocrx_word' id='word_1_231' title='bbox 638 3592 733 3651; x_wconf 89' lang='lat' dir='ltr'><strong>mulio</strong></span> <span class='ocrx_word' id='word_1_232' title='bbox 758 3594 958 3669; x_wconf 78' lang='lat' dir='ltr'><strong>quaesivisse,</strong></span> <span class='ocrx_word' id='word_1_233' title='bbox 990 3594 1070 3652; x_wconf 88' lang='lat' dir='ltr'><strong>hunc</strong></span> <span class='ocrx_word' id='word_1_234' title='bbox 1097 3598 1195 3653; x_wconf 84' lang='lat' dir='ltr'><strong>temen</strong></span> <span class='ocrx_word' id='word_1_235' title='bbox 1215 3594 1260 3652; x_wconf 90' lang='lat' dir='ltr'><strong>di·</strong></span> 
     </span>
     <span class='ocr_line' id='line_1_33' title="bbox 261 3688 1260 3766; baseline -0.002 -15"><span class='ocrx_word' id='word_1_236' title='bbox 261 3690 343 3751; x_wconf 75' lang='lat' dir='ltr'><strong>sisse</strong></span> <span class='ocrx_word' id='word_1_237' title='bbox 362 3690 505 3747; x_wconf 85' lang='lat' dir='ltr'><strong>iuniorem</strong></span> <span class='ocrx_word' id='word_1_238' title='bbox 526 3706 559 3747; x_wconf 91' lang='lat' dir='ltr'><strong>se</strong></span> <span class='ocrx_word' id='word_1_239' title='bbox 578 3697 695 3765; x_wconf 80' lang='lat' dir='ltr'><strong>captum</strong></span> <span class='ocrx_word' id='word_1_240' title='bbox 717 3706 794 3762; x_wconf 88' lang='lat' dir='ltr'><strong>esse,</strong></span> <span class='ocrx_word' id='word_1_241' title='bbox 814 3708 902 3766; x_wconf 82' lang='lat' dir='ltr'><strong>quam</strong></span> <span class='ocrx_word' id='word_1_242' title='bbox 922 3688 973 3766; x_wconf 80' lang='lat' dir='ltr'><strong>qui</strong></span> <span class='ocrx_word' id='word_1_243' title='bbox 989 3706 1023 3747; x_wconf 88' lang='lat' dir='ltr'><strong>ea</strong></span> <span class='ocrx_word' id='word_1_244' title='bbox 1050 3688 1151 3762; x_wconf 88' lang='lat' dir='ltr'><strong>sciret,</strong></span> <span class='ocrx_word' id='word_1_245' title='bbox 1170 3690 1260 3749; x_wconf 86' lang='lat' dir='ltr'><strong>istum</strong></span> 
     </span>
     <span class='ocr_line' id='line_1_34' title="bbox 261 3781 1260 3862; baseline -0.002 -17"><span class='ocrx_word' id='word_1_246' title='bbox 261 3784 395 3845; x_wconf 84' lang='lat' dir='ltr'><strong>edultum</strong></span> <span class='ocrx_word' id='word_1_247' title='bbox 416 3791 498 3843; x_wconf 85' lang='lat' dir='ltr'><strong>certe</strong></span> <span class='ocrx_word' id='word_1_248' title='bbox 519 3784 615 3842; x_wconf 78' lang='lat' dir='ltr'><strong>omnis</strong></span> <span class='ocrx_word' id='word_1_249' title='bbox 635 3784 710 3843; x_wconf 89' lang='lat' dir='ltr'><strong>bene</strong></span> <span class='ocrx_word' id='word_1_250' title='bbox 730 3784 845 3843; x_wconf 79' lang='lat' dir='ltr'><strong>referre</strong></span> <span class='ocrx_word' id='word_1_251' title='bbox 863 3802 963 3862; x_wconf 81' lang='lat' dir='ltr'><strong>posse.</strong></span> <span class='ocrx_word' id='word_1_252' title='bbox 1002 3781 1082 3842; x_wconf 82' lang='grc' dir='ltr'>-Τιιιιι</span> <span class='ocrx_word' id='word_1_253' title='bbox 1101 3783 1260 3861; x_wconf 80' lang='lat' dir='ltr'><strong>Dionysius</strong></span> 
     </span>
     <span class='ocr_line' id='line_1_35' title="bbox 219 3875 1259 3965; baseline -0.001 -25"><span class='ocrx_word' id='word_1_254' title='bbox 219 3958 223 3965; x_wconf 19' lang='grc' dir='ltr'>ι</span> <span class='ocrx_word' id='word_1_255' title='bbox 262 3880 418 3941; x_wconf 85' lang='lat' dir='ltr'><strong>subridens</strong></span> <span class='ocrx_word' id='word_1_256' title='bbox 440 3875 562 3937; x_wconf 90' lang='lat' dir='ltr'><strong>mullum</strong></span> <span class='ocrx_word' id='word_1_257' title='bbox 583 3895 668 3937; x_wconf 91' lang='lat' dir='ltr'><strong>suum</strong></span> <span class='ocrx_word' id='word_1_258' title='bbox 689 3878 854 3940; x_wconf 83' lang='lat' dir='ltr'><strong>Philoxeno</strong></span> <span class='ocrx_word' id='word_1_259' title='bbox 872 3880 967 3953; x_wconf 83' lang='lat' dir='ltr'><strong>misit3</strong></span> <span class='ocrx_word' id='word_1_260' title='bbox 998 3878 1073 3938; x_wconf 87' lang='lat' dir='ltr'><strong>adeo</strong></span> <span class='ocrx_word' id='word_1_261' title='bbox 1101 3879 1172 3939; x_wconf 87' lang='lat' dir='ltr'><strong>huic</strong></span> <span class='ocrx_word' id='word_1_262' title='bbox 1191 3898 1259 3939; x_wconf 90' lang='lat' dir='ltr'><strong>sus-</strong></span> 
     </span>
     <span class='ocr_line' id='line_1_36' title="bbox 261 3972 713 4051; baseline 0.007 -18"><span class='ocrx_word' id='word_1_263' title='bbox 261 3974 384 4035; x_wconf 82' lang='lat' dir='ltr'><strong>vissimo</strong></span> <span class='ocrx_word' id='word_1_264' title='bbox 404 3974 567 4051; x_wconf 81' lang='lat' dir='ltr'><strong>compotori</strong></span> <span class='ocrx_word' id='word_1_265' title='bbox 585 3972 713 4037; x_wconf 83' lang='lat' dir='ltr'><strong>favebat.</strong></span> 
     </span>
    </p>
   </div>
   <div class='ocr_carea' id='block_1_4' title="bbox 313 4220 633 4456">
    <p class='ocr_par' dir='ltr' id='par_1_6' title="bbox 313 4220 633 4456">
     <span class='ocr_line' id='line_1_37' title="bbox 315 4220 633 4289; baseline 0 -16"><span class='ocrx_word' id='word_1_266' title='bbox 315 4220 360 4288; x_wconf 78' lang='lat'><strong>1³)</strong></span> <span class='ocrx_word' id='word_1_267' title='bbox 377 4222 431 4273; x_wconf 82' lang='lat' dir='ltr'><strong>XV.</strong></span> <span class='ocrx_word' id='word_1_268' title='bbox 449 4240 474 4289; x_wconf 75' lang='lat' dir='ltr'><strong>p.</strong></span> <span class='ocrx_word' id='word_1_269' title='bbox 490 4220 550 4275; x_wconf 73' lang='lat' dir='ltr'><strong>ael.</strong></span> <span class='ocrx_word' id='word_1_270' title='bbox 568 4238 592 4274; x_wconf 89' lang='lat' dir='ltr'><strong>o.</strong></span> <span class='ocrx_word' id='word_1_271' title='bbox 609 4220 633 4273; x_wconf 78' lang='lat' dir='ltr'><strong>i.</strong></span> 
     </span>
     <span class='ocr_line' id='line_1_38' title="bbox 314 4304 479 4373; baseline -0.006 -16"><span class='ocrx_word' id='word_1_272' title='bbox 314 4304 359 4373; x_wconf 70' lang='grc'><strong>14)</strong></span> <span class='ocrx_word' id='word_1_273' title='bbox 376 4304 420 4370; x_wconf 83' lang='grc' dir='ltr'>ιι,</span> <span class='ocrx_word' id='word_1_274' title='bbox 436 4304 479 4357; x_wconf 79' lang='lat' dir='ltr'><strong>ec.</strong></span> 
     </span>
     <span class='ocr_line' id='line_1_39' title="bbox 313 4386 520 4456; baseline -0.014 -15"><span class='ocrx_word' id='word_1_275' title='bbox 313 4386 358 4456; x_wconf 63' lang='grc' dir='ltr'><strong>ι5)</strong></span> <span class='ocrx_word' id='word_1_276' title='bbox 375 4389 398 4455; x_wconf 89' lang='lat'><strong>1,</strong></span> <span class='ocrx_word' id='word_1_277' title='bbox 415 4387 440 4445; x_wconf 77' lang='grc'><strong>6.</strong></span> <span class='ocrx_word' id='word_1_278' title='bbox 459 4404 481 4441; x_wconf 86' lang='grc' dir='ltr'><strong>ιι.</strong></span> <span class='ocrx_word' id='word_1_279' title='bbox 500 4389 520 4441; x_wconf 80' lang='lat' dir='ltr'><strong>l.</strong></span> 
     </span>
    </p>
   </div>
   <div class='ocr_carea' id='block_1_5' title="bbox 0 0 1638 5367">
    <p class='ocr_par' dir='ltr' id='par_1_7' title="bbox 0 0 1638 5367">
     <span class='ocr_line' id='line_1_40' title="bbox 0 0 1638 5367; baseline 0 0"><span class='ocrx_word' id='word_1_280' title='bbox 0 0 1638 5367; x_wconf 95' lang='lat' dir='ltr'><strong> </strong></span> 
     </span>
    </p>
   </div>
  </div>
 </body>
</html>
