3259 5367
146 676 159 757 l

681 666 682 673 Ν
731 538 779 647 cr

341 758 474 819 Metram
488 756 652 836 fragmenta
667 756 808 818 exhibent
815 752 1032 833 simplicisslme
1044 752 1256 832 compositum

263 857 425 917 invenimus
453 853 531 911 enim
557 857 608 910 aut
627 850 731 910 iisdem
756 851 883 930 pedihus
903 850 1080 923 decurrens,
1104 855 1156 911 aut
1175 850 1256 910 siml-

260 950 340 1010 libus
370 949 549 1019 coniunctis,
575 950 611 1007 ut
639 946 784 1005 trochaeis
814 944 1004 1022 etdactylis.
1050 945 1255 1025 Epigramma-

261 1052 325 1105 tum
354 1044 480 1103 disticha
511 1046 579 1101 sunt
614 1042 849 1118 elegantissima·
886 1040 1025 1100 ceterum
1051 1060 1138 1120 quam
1162 1047 1255 1101 artem

195 1212 196 1215 Ἴ
261 1138 440 1199 Philoxenus
467 1139 497 1197 in
524 1137 627 1196 metris
657 1138 868 1215 componendis
895 1136 1077 1210 adhibuerit,
1107 1158 1126 1197 e
1145 1137 1255 1196 mancis

260 1235 422 1295 carminum
448 1232 620 1309 fragmentis
645 1226 702 1290 non
723 1233 793 1292 licet
811 1232 980 1291 diiudicare.
1018 1230 1100 1291 Nihil
1119 1232 1199 1293 euim
1218 1251 1255 1291 ex

260 1330 295 1391 iis
316 1329 473 1399 redundet,
493 1346 510 1387 e
525 1346 582 1405 quo
603 1326 681 1404 quod
694 1326 865 1403 Dionysium
886 1333 917 1386 et
929 1325 1120 1386 Plutarchum
1134 1326 1173 1385 de
1191 1346 1254 1385 me·

259 1425 316 1487 tris
336 1424 532 1502 posteriorum
548 1422 830 1507 dithyrambicorum
848 1423 879 1482 in
899 1422 1068 1482 universum
1087 1420 1254 1498 disputasse

259 1540 349 1599 supra
369 1519 494 1584 vidimus
509 1515 559 1593 25)
580 1519 726 1593 quomodo
747 1519 785 1577 ad
800 1518 991 1578 Philoxenum
1012 1516 1166 1595 pertineat,
1185 1534 1254 1592 per-

258 1615 426 1695 spiciamus.

336 1706 479 1767 lllusicam
498 1708 615 1786 qualem
646 1708 855 1786 dithymmhici
881 1706 923 1765 illi
943 1705 1143 1780 excoluerint,
1163 1725 1254 1785 supra

257 1802 417 1864 indicatum
438 1809 492 1863 est.

335 1898 395 1958 Uti
414 1916 503 1975 quum
523 1903 642 1976 praeter
661 1906 760 1959 cetera
780 1898 838 1957 hoc
856 1899 892 1957 iis
914 1898 1082 1958 videremus
1102 1897 1253 1975 peculiare

258 2000 290 2053 et
309 1991 462 2070 proprium
482 2011 565 2069 esse,
593 1995 672 2070 qnod
691 2013 800 2070 genera
814 1992 852 2053 vet
871 1994 1048 2066 harmonius,
1069 2014 1086 2052 a
1106 1988 1253 2069 prioribus

259 2087 415 2164 diligenter
432 2085 569 2161 distenta,
591 2089 837 2159 commiscuerint,
856 2089 913 2148 iam
927 2088 1016 2147 husius
1026 2088 1070 2145 rei
1084 2085 1253 2162 exemplum

255 2190 392 2262 petamus
419 2179 612 2240 ePhiloxeoi
638 2180 811 2257 melopoeia.
852 2180 1129 2258 Luculeotissimum
1159 2182 1252 2241 habe·
1335 2237 1342 2243 .

255 2297 321 2337 mus
350 2276 414 2347 id,
432 2276 514 2351 quod
542 2272 778 2352 Aristoteles²⁶)
806 2275 957 2353 prodidit,
984 2276 1179 2336 Philoxenum
1198 2276 1252 2333 ali·

257 2371 372 2451 quoodo
408 2376 543 2430 conatum
581 2388 649 2429 esse
683 2371 899 2447 dithyrambum
933 2370 963 2429 iu
991 2370 1143 2430 harmonia
1169 2369 1254 2430 dorio

256 2484 449 2544 componere,
486 2465 538 2525 sed
575 2484 664 2542 quum
693 2466 818 2545 phrygia
845 2466 1034 2542 dithyramho
1061 2465 1188 2524 maxime
1221 2470 1253 2525 et

251 2579 350 2643 paene
371 2563 433 2620 sola
453 2560 641 2633 conveniret„
658 2565 726 2619 'non
745 2562 886 2639 potuisse,
906 2580 974 2620 eum
1002 2580 1060 2620 non
1079 2560 1129 2619 illa
1148 2560 1253 2621 relicta

255 2658 295 2716 ad
321 2658 394 2716 hanc
417 2657 552 2717 transire.
593 2656 679 2717 Hauc
699 2658 870 2716 varietatem
889 2657 960 2715 dum
980 2656 1163 2734 Antiphanes
1181 2657 1251 2716 lan-

255 2751 341 2811 dilrus
355 2752 462 2824 evehit,
483 2751 675 2811 Pherecrates
696 2753 839 2823 comicus,
858 2770 979 2811 severus
997 2752 1128 2811 omnium
1148 2757 1250 2830 poste·

254 2845 460 2907 rioris'aetatis
480 2834 661 2905 musicorum
677 2866 792 2919 censor,
811 2843 887 2904 melu
907 2845 1137 2907 notaPhiloxeni
1156 2846 1249 2918 melo·

253 2942 369 3021 poeiam
390 2941 547 3017 adspersit·
593 2940 679 2997 Fecit
698 2941 776 2997 enim
796 2938 941 2998 Musicam
961 2940 991 2996 io
1012 2940 1171 3013 comoedia,
1192 2957 1250 3016 qua

254 3054 321 3097 eam
341 3034 466 3104 induxit,
493 3033 602 3090 misero
628 3032 729 3089 habito
756 3030 876 3087 crimina
902 3050 920 3085 a
938 3032 1059 3089 musicis
1085 3036 1142 3095 sihi
1168 3035 1249 3098 illata

194 3191 198 3199 ,
254 3133 485 3201 enumerantem,
505 3125 579 3188 haec
600 3124 638 3186 de
657 3122 819 3218 Philoxeno
839 3115 1101 3213 eloquentem2²)=
1206 3139 1210 3143 ⁴

306 3398 351 3464 ²⁵)
368 3415 394 3450 v.
414 3414 495 3465 supra
514 3404 567 3451 not.
585 3397 628 3451 (il).

307 3482 354 3547 ²⁶)
369 3482 445 3548 polit.
462 3476 579 3547 v1113‘s.
597 3482 716 3534 Dubium
738 3489 780 3535 est
794 3487 893 3547 entem,
915 3487 1005 3536 unum
1019 3486 1166 3539 Pldloxeco
1181 3488 1250 3541 illud

255 3566 324 3620 ister
341 3567 550 3633 componendum
567 3570 601 3618 dn
617 3568 686 3618 inter
702 3566 846 3623 ludendum
862 3568 998 3621 acciderit.

306 3648 353 3715 2⁷)
369 3664 411 3716 op.
430 3648 499 3701 Plut.
525 3650 558 3701 do
583 3666 649 3725 mus.
674 3650 758 3702 XXX.
783 3670 810 3718 p.
828 3650 902 3703 naa
925 3654 1094 3705 Pherecratio
1116 3669 1175 3705 esse
1197 3655 1252 3707 hoe

147 3762 149 3769 ι
255 3748 356 3797 sersus,
373 3749 426 3784 nou
440 3730 715 3799 Aristophanisuemo
732 3750 786 3785 uon
801 3734 934 3805 iutelligit,
950 3736 995 3802 qai
1001 3737 1144 3789 Plutarchi
1156 3739 1249 3791 locum

255 3817 404 3871 accuratius
427 3816 549 3883 inspexit.
595 3818 756 3869 Plutarchus
775 3818 871 3884 crim,
894 3820 942 3871 uhi
957 3822 1056 3871 multos
1078 3820 1251 3873 Pherecratio

254 3918 362 3965 unua,
388 3900 482 3968 uiribus
499 3896 547 3951 alii
563 3901 658 3952 musici
674 3901 900 3971 perstringuntur,
917 3903 1052 3967 exhihuit,
1070 3904 1105 3955 ad
1120 3904 1247 3957 Philoxe-

253 3983 387 4037 numnius
404 3984 544 4035 canutum
561 3983 598 4035 ita
615 3991 706 4053 parat,
729 3987 859 4039 atserba
874 3988 1037 4054 interponat:
1059 3986 1116 4041 Καὶ
1130 3983 1248 4059 '‘ipsoco-

253 4066 345 4136 φάνης
361 4064 379 4119 d
394 4066 514 4135 concede
529 4065 693 4135 μνημονεύει
711 4069 871 4135 Φιλοξένου,
887 4074 935 4124 aut
950 4087 1051 4140 φησιν,
1068 4065 1111 4126 ὅτι
1128 4074 1167 4136 sle
1181 4074 1248 4137 eosic

251 4153 380 4211 κυκλίους
397 4147 496 4221 χορούς
508 4150 574 4220 μέλη
592 4152 772 4220 εἰσηνέγκατο.
806 4154 909 4221 Quibus
928 4155 1071 4209 interiectis
1087 4174 1167 4225 qucum
1184 4176 1247 4227 per-

253 4239 317 4307 μὴ
338 4233 357 4301 ἡ
377 4232 406 4287 dl
423 4231 538 4303 μουσικὴ
564 4234 633 4304 λέγει
655 4237 760 4304 τοῦτο,
782 4256 928 4307 versusque
949 4238 1012 4293 ilos
1034 4240 1143 4306 aderat,
1173 4248 1246 4311 patet

254 4334 316 4371 eum
340 4320 375 4372 ad
397 4318 529 4374 Musicani
559 4320 662 4384 redire,
696 4336 776 4389 quam
798 4322 975 4377 Pherecrstcs
997 4326 1149 4401 loquum
1170 4326 1244 4380 fecit.
1337 4384 1340 4390 ,

253 4404 315 4457 Ηοο
330 4388 368 4459 ite
384 4404 494 4458 hahere·
504 4404 586 4458 etlam
601 4404 653 4473 ipsi
667 4422 767 4461 versus
777 4408 904 4477 probant,
921 4424 1035 4477 mrum
1048 4406 1151 4463 hortu
1166 4413 1245 4476 plane
