3259 5367
822 546 870 618 10

344 703 539 801 naemu
558 740 647 802 quam
666 702 821 783 aunum
842 720 967 783 arnan
985 686 1190 801 didymum·
1207 722 1349 789 met-ne

345 820 410 896 Qua
429 818 461 879 in
479 837 523 893 re,
543 837 632 899 quum
653 819 684 877 in
703 818 873 879 universnm
894 816 999 879 eadem
1018 817 1084 879 iere
1096 820 1210 880 ratione
1226 826 1347 881 uteren-

345 921 394 977 tur
415 920 503 992 atque
524 913 635 986 Laeui,
664 913 826 987 Pindarus,
852 914 985 991 quamvia
1007 913 1087 975 iiiiaa
1114 914 1277 993 diaeipuina
1296 934 1343 976 ee·

345 1017 393 1071 aet
406 1010 472 1089 ⁸⁵),
493 1029 550 1070 nan
570 1010 667 1069 omnia
687 1012 724 1071 eb
745 1029 781 1070 eo
801 1015 907 1069 navata
926 1011 1054 1088 prabana
1074 1010 1142 1089 piua
1162 1010 1271 1071 cetaria
1291 1030 1345 1071 an-

344 1108 453 1185 tiquam
481 1107 552 1165 artie
580 1105 798 1182 simplieitatem
824 1104 943 1164 videtur
970 1105 1222 1183 abaervaaae⁸⁶)‚
1249 1107 1292 1166 ita
1311 1112 1348 1167 ut

252 1210 255 1221 '
343 1203 389 1261 vei
404 1200 532 1261 dubitari
547 1200 653 1279 poenit,
673 1220 742 1260 num
758 1200 794 1259 ab
809 1198 1020 1280 antistropbiea
1032 1201 1120 1260 metri
1136 1200 1346 1262 iormadeeea-

343 1297 487 1371 neritii).
527 1296 584 1356 His
604 1297 692 1355 etiam
713 1297 922 1356 annumerandi
942 1302 1011 1355 aum
1031 1296 1180 1371 Pretium,
1200 1297 1344 1375 Lampte-

343 1392 415 1466 elea,
437 1390 572 1464 Oenidae,
592 1390 831 1469 Licymniuass).
871 1392 1003 1467 Quorum
1020 1391 1152 1452 Pratinaa
1171 1412 1229 1452 nnn
1250 1394 1343 1453 aniam

341 1494 429 1567 poeta
449 1488 570 1567 iyrieua,
592 1488 645 1546 red
665 1488 753 1547 etiam
774 1506 847 1547 unua
868 1488 1004 1567 eprimia
1014 1488 1193 1567 tragicorum
1212 1489 1343 1566 suiv).

341 1582 418 1646 Prae
437 1582 546 1642 aeteria
565 1601 613 1641 ara
643 1580 708 1641 eiua
734 1582 870 1643 laudatur
889 1584 1022 1643 metrice.
1073 1583 1168 1658 Quam
1190 1583 1343 1644 ueteribus

340 1677 377 1736 ad
398 1678 521 1737 eborum
536 1676 675 1737 adiribitia
691 1677 974 1756 dithyrambiinrma
993 1684 1169 1753 mutaretur,
1188 1678 1344 1739 tibiarum·

341 1790 399 1851 qne
435 1772 518 1832 insna
556 1774 655 1832 cantui
687 1773 884 1851 principatum
918 1774 1003 1850 quasi
1033 1775 1152 1852 eripere
1178 1774 1343 1847 videretur,

339 1869 502 1929 acerrimus
522 1868 657 1946 antiquae
677 1868 849 1948 disciplinae
869 1869 975 1934 vindex
995 1868 1178 1941 exatitit⁴⁰).
1224 1868 1342 1928 Eodem

339 1963 428 2023 modo
448 1963 638 2043 Lamproelea
658 1982 777 2042 quoque
805 1971 837 2024 et
856 1965 980 2025 Cecidaa
999 1965 1148 2043 antiquam
1168 1964 1341 2044 simplicita-

339 2065 401 2119 tem
431 2067 495 2119 arte
521 2078 574 2118 aua
602 2068 758 2120 servarunt
772 2058 834 2138 ⁴¹).
894 2058 955 2121 Sed
983 2060 1112 2139 quamvis
1148 2058 1283 2139 plerique
1308 2058 1341 2118 bi

339 2162 447 2232 pnetae
473 2156 532 2215 hee
559 2155 656 2215 studia
683 2162 870 2229 tenerentur,
901 2164 1001 2217 tamen
1020 2154 1131 2214 iactum
1152 2163 1213 2229 eet„
1241 2158 1276 2215 ut
1294 2173 1340 2225 ea,

338 2267 414 2328 quae
434 2251 598 2329 antiquitus
617 2252 731 2315 sancita
750 2254 931 2324 viderentur,
950 2269 1043 2312 nanae
1062 2250 1106 2310 iiii
1125 2252 1197 2311 antia
1218 2251 1341 2324 formae,

339 2343 455 2405 aLaan
475 2348 602 2425 primum
623 2364 799 2424 expressae,
827 2346 937 2407 eedere
954 2345 1107 2407 deberem.
1149 2347 1233 2422 Quae
1252 2364 1340 2424 anua

369 2606 435 2674 ³³⁴)
453 2606 604 2659 Secundum
627 2607 739 2659 suidam
764 2621 785 2657 a.
809 2624 837 2658 v.
859 2610 1073 2677 Μελανιππίδης
1101 2612 1137 2663 oi.
1160 2610 1238 2662 bxv.
1262 2613 1340 2662 m

338 2694 379 2743 eat
396 2696 424 2742 et
440 2688 552 2742 Athenin
568 2689 754 2757 dithyramboa
771 2688 861 2742 edidit.

390 2774 435 2840 ³⁵)
452 2774 512 2826 Vita
528 2773 604 2825 Pind.
621 2774 657 2825 ei.
674 2773 779 2825 anoth.
797 2774 831 2825 de
847 2765 925 2825 meir.
942 2774 1018 2827 Piud.
1035 2793 1064 2843 p.
1079 2774 1106 2826 2„
1123 2778 1218 2845 expiie.
1234 2794 1262 2842 p·
1278 2774 1322 2827 1¹1.

388 2859 434 2925 ⁸⁶)
450 2856 557 2910 Ari-ud
577 2872 615 2907 nr.
631 2854 674 2909 40.
692 2860 710 2908 t.
727 2857 762 2910 ΙΙ.
778 2874 805 2925 p.
823 2855 884 2909 Μ.
899 2858 1020 2910 ltiadarf.
1038 2858 1157 2913 celtum
1172 2863 1192 2914 i.
1208 2861 1226 2912 i.
1243 2857 1339 2927 pam.

338 2942 373 2996 ni.
391 2943 487 2995 Athen.
504 2942 537 2994 X:
554 2958 581 3008 p.
598 2940 657 2992 405.
675 2941 706 2992 G.
1337 2975 1340 2983 .

388 3026 433 3092 ³3)
450 3026 532 3079 Piura
548 3024 657 3077 Pindari
674 3025 906 3094 dithyrambeaum
923 3030 1027 3078 maana
1041 3025 1210 3092 mama,
1227 3022 1341 3094 qunrnm

335 3126 416 3163 anum
433 3128 449 3165 e
466 3110 638 3180 dithyramba
654 3109 765 3161 Athenin
781 3108 853 3161 edita
871 3114 1007 3160 narratam
1023 3115 1065 3159 eat
1077 3108 1195 3171 (uinea.
1214 3126 1241 3176 p.
1257 3109 1340 3176 25.)-

335 3196 367 3251 ln
384 3196 476 3264 primia
493 3196 550 3247 eina
565 3194 689 3247 venibat
707 3192 744 3244 dii
752 3194 918 3255 iuvenentur,
934 3196 965 3241 nt
980 3196 1134 3256 praeunte·
1151 3191 1205 3243 aiut
1221 3208 1254 3244 ae
1270 3195 1340 3247 dena

337 3281 409 3332 veria
429 3278 546 3347 benigne
572 3276 717 3343 accipiant,
740 3276 767 3327 iu
783 3275 954 3343 sequentibua
969 3273 1073 3325 Baeeiri
1095 3278 1123 3325 et
1137 3276 1263 3329 Semelae
1279 3279 1339 3329 iau-
1365 3312 1378 3331 .

336 3364 384 3415 dea
401 3363 579 3414 celebrantur.
612 3360 729 3410 Metram
741 3358 987 3422 minianen-rimam,
1004 3356 1147 3419 eeretieia,
1162 3359 1346 3427 iiaqaeaaepe-
1432 3366 1460 3428 J

335 3447 442 3511 aniutia,
460 3444 615 3512 daetyiieir‚
632 3443 823 3495 choriambici·
838 3443 975 3494 erdimbaa
990 3442 1174 3509 compo-itam.
1209 3443 1340 3495 Antiatra-

335 3530 399 3601 pbia
415 3529 566 3581 diatinetum
583 3527 665 3579 iuiaee
682 3530 774 3594 piare·
789 3530 832 3595 (ut
848 3526 948 3578 anam·
963 3545 990 3593 p.
1007 3525 1098 3592 aaa),
1122 3533 1153 3578 ut
1172 3527 1242 3579 mibi
1262 3526 1339 3579 vide-

334 3620 394 3672 tum·
419 3619 493 3664 reete
511 3618 618 3681 negant.
651 3611 706 3664 Sed
723 3611 755 3664 0.
774 3614 892 3666 itidllere
909 3613 927 3664 Ι.
945 3613 998 3663 bt.
1015 3612 1050 3662 ll.
1068 3627 1095 3678 p.
1112 3608 1171 3663 280
1196 3610 1284 3663 vitam
1300 3615 1341 3665 eat

334 3698 519 3765 antistropha·
534 3696 669 3749 adhibitae
685 3712 752 3749 aare.

389 3782 433 3847 ⁸⁸)
451 3784 554 3833 Harum
571 3788 712 3850 pacianum
721 3780 800 3848 paaei
817 3785 918 3832 tantm
931 3797 1025 3833 verm
1039 3781 1075 3833 ad
1090 3795 1139 3831 aaa
1154 3778 1338 3847 pervenerunt.
1355 3782 1358 3785 ’

337 3884 364 3918 u·
380 3866 482 3935 Bergk.
501 3872 572 3932 pnei.
590 3868 642 3934 iyr.
662 3863 760 3918 Graeci
776 3881 803 3931 p.
819 3862 879 3916 832.
895 3865 930 3917 ai.
948 3865 1023 3917 Beda
1040 3867 1059 3917 i.
1077 3867 1096 3916 i.
1112 3882 1139 3931 p.
1156 3862 1218 3916 aba

389 3948 434 4016 ³⁹)
452 3950 487 4001 cf.
505 3951 623 4002 Weiber.
641 3952 660 4003 1.
676 3952 694 4001 i.
712 3966 739 4017 p.
757 3946 817 4001 2⁴16.

387 4034 434 4100 ⁴⁰)
453 4035 548 4087 Athen.
568 4035 634 4086 xiv.
653 4052 680 4103 p.
695 4032 756 4085 tili.

387 4118 434 4183 ⁴¹)
451 4117 570 4184 Uterque
593 4120 628 4171 ab
650 4117 829 4184 Arietaphana
851 4116 983 4169 landatur.
1023 4115 1093 4167 Nnb·
1110 4132 1137 4165 r.
1153 4109 1206 4163 000
1221 4127 1262 4179 aq.
1278 4109 1339 4163 9⁸1.

338 4201 374 4255 ci.
391 4203 477 4254 achai.
511 4203 551 4253 lie
573 4202 683 4257 alteriue
697 4199 803 4253 nemine
821 4198 975 4268 ambigitur,
991 4216 1055 4251 nam
1070 4196 1183 4249 Ceeidaa
1198 4212 1234 4249 au
1250 4196 1340 4264 patina

337 4286 440 4355 Cydiaa
461 4285 569 4338 babeat.
594 4286 629 4337 ef.
647 4286 749 4355 Bergk.
774 4286 793 4335 Ι.
811 4286 831 4336 l.
848 4283 922 4336 aeae
943 4286 963 4339 i.
980 4286 1000 4338 i.
1017 4284 1144 4335 Feriam
1163 4280 1210 4334 hi·
1224 4280 1338 4334 nemini·

337 4372 388 4424 bna
403 4370 516 4446 diaeraia
532 4368 631 4422 diremi
646 4373 743 4437 poetae
759 4367 912 4421 audiebant.
