3259 5367
654 577 788 647 ‘ll

263 758 385 835 praeter
419 755 549 815 metram·
569 750 697 812 literius
734 751 882 813 excultum
915 750 1043 811 maxine
1069 750 1208 814 liberiore
1231 758 1265 815 et

264 850 407 928 ampliore
425 850 556 910 musicae
575 866 630 907 nau
649 848 772 928 insignia
791 854 885 917 esset,
906 847 1028 920 musica,
1049 848 1191 924 angustiis
1209 868 1262 909 su·
1341 890 1346 901 ·

264 946 394 1024 peratis,
424 945 535 1022 quibus
551 944 647 1003 adhuc
674 944 900 1018 circumscripta
929 961 987 1010 uon
1006 943 1062 1003 nisi
1081 943 1209 1004 adiutrix
1228 952 1263 1005 et

265 1040 350 1119 qnasi
369 1026 470 1119 peruia
490 1040 571 1101 verbi
592 1046 671 1112 erat,
699 1040 745 1099 sui
772 1038 846 1098 iuris
866 1037 932 1097 lieri
956 1042 1004 1096 eat
1027 1047 1140 1099 conata.
1179 1040 1265 1101 Haeo

264 1136 351 1213 ipitur
375 1154 424 1195 aas
452 1134 556 1195 eodem
583 1134 650 1194 lore
669 1142 821 1215 tempore,
850 1152 910 1210 qno
937 1133 1069 1211 reliquae
1094 1154 1197 1195 omnes
1225 1137 1263 1197 ad

264 1248 409 1291 summum
438 1230 588 1310 fastigium
610 1237 824 1310 pervenerunt,
854 1230 931 1289 iutra
958 1228 1152 1308 olympiadem
1172 1230 1264 1293 Lxx,

264 1334 296 1387 et
316 1326 453 1399 LXXX,
481 1326 600 1387 circiter
620 1327 746 1391 medinm
767 1326 899 1403 quintam
919 1325 1068 1385 samolum
1089 1335 1156 1385 ante
1176 1326 1265 1387 curt·

265 1429 342 1481 atum
363 1430 481 1493 netum,
507 1423 634 1481 maxima
659 1423 839 1481 incrementa
859 1420 954 1498 cepit,
986 1419 1061 1479 adeo
1080 1428 1116 1480 nt
1134 1429 1264 1499 systema

239 1515 242 1524 “
253 1517 512 1615 ,ιωρΙίίὶοιιεῑιιῃ
532 1518 702 1578 harmoniae
722 1524 912 1595 augerentur,
938 1517 1134 1590 instrumenta
1153 1517 1265 1577 musica

264 1612 494 1691 perficerentur,
516 1614 596 1673 modi
614 1613 741 1691 denique
760 1614 818 1692 ipai
837 1612 949 1673 maiore
968 1618 1034 1672 arte
1053 1615 1282 1690 componeremv

265 1714 324 1769 tur.
365 1707 426 1767 lam
447 1710 617 1769 demutato
637 1711 766 1769 musicae
792 1715 873 1768 statu
893 1710 1089 1769 coniecturam
1109 1708 1209 1767 lacere
1228 1707 1265 1766 li·

265 1808 314 1861 cet
334 1822 351 1863 e
370 1808 481 1865 mutata
501 1805 680 1864 musicorum
703 1804 883 1865 conditione:
905 1803 954 1882 qui
974 1824 1064 1881 quum
1084 1810 1170 1863 autea
1188 1820 1266 1881 poe-

263 1896 304 1955 tis
321 1897 448 1957 subiecti
468 1907 585 1974 esseut,
613 1907 677 1960 tum
706 1902 787 1968 iuxta
817 1918 871 1959 eoa
897 1900 1091 1961 habebantur.
1131 1897 1266 1976 Namque

265 1988 478 2069 Melanippidia
511 1994 633 2053 minoris
666 2002 763 2055 aetate
795 1995 933 2054 tibicines
966 1993 1175 2072 dithyrambici
1206 2012 1265 2053 uon

264 2084 392 2163 amplius
413 2088 581 2151 mercedem
602 2107 620 2146 a
638 2090 754 2166 poetis,
784 2088 838 2148 sed
867 2089 1028 2165 proemium
1048 2088 1167 2166 publice
1187 2089 1266 2147 acei-

266 2179 406 2257 piabant,
440 2201 601 2260 eorumque
631 2184 746 2246 nomina
771 2201 865 2260 aeque
900 2202 935 2241 ac
949 2188 1117 2260 ¹poetarum
1149 2183 1267 2260 publico

265 2274 364 2335 edicto
384 2277 711 2353 perscribebantnr⁴²).
750 2278 790 2337 At
809 2296 882 2337 vero
900 2278 1038 2337 tibicines
1051 2278 1095 2336 ad
1114 2277 1193 2335 laune
1212 2278 1268 2337 ho·

264 2370 343 2429 noris
370 2372 492 2451 gradum
507 2390 679 2451 progressos
701 2366 858 2451 lusumque
881 2390 984 2433 corum
1001 2392 1020 2431 ι
1037 2372 1123 2450 poesi
1137 2371 1267 2434 solutum

265 2469 378 2525 tantum
405 2466 500 2527 abluit
528 2474 562 2528 nt
589 2474 696 2547 poetae
721 2468 799 2527 laeto
826 2469 923 2529 animo
951 2469 1139 2547 exciperent,
1170 2472 1204 2526 ut
1229 2466 1268 2527 ad
1383 2540 1387 2547 Ι

265 2560 490 2622 aemulationem
511 2565 662 2642 provocati
682 2583 759 2624 stunc
778 2563 996 2642 vituperarent,
1026 2561 1104 2640 quod
1130 2562 1268 2622 tibiarum

266 2656 408 2735 strepitus
437 2668 553 2719 cantum
583 2660 621 2719 de
648 2661 713 2719 loco
738 2658 851 2738 pellere
871 2665 1044 2730 conaretur,
1072 2678 1148 2719 nune
1173 2665 1268 2719 totam

264 2750 416 2813 tibicinum
439 2762 532 2814 artem
554 2754 662 2815 fabulis
683 2755 794 2815 odiosis
816 2755 997 2833 contemptui
1010 2754 1082 2813 dare
1101 2753 1268 2814 studerent.

265 2846 332 2907 lloc
360 2850 458 2909 studio
488 2851 578 2911 etiam
598 2850 816 2930 Melanippides
842 2849 951 2911 ductus
970 2868 1086 2909 carmen
1106 2848 1160 2909 sub
1180 2848 1268 2909 titulo

264 2938 401 3020 Marsyae
422 2945 599 3022 composuit,
620 2946 703 3005 cuius
724 2964 827 3005 versus
846 2944 958 3023 aliquot
977 2945 1083 3023 reliqui
1102 2945 1267 3005 Minervam

265 3035 378 3094 faciunt
397 3038 497 3095 tibiam
518 3037 725 3109 obiicientem,
754 3040 836 3114 quod
862 3056 896 3095 os
917 3038 1038 3098 foedum
1058 3040 1268 3117 redderet⁴³).

265 3128 404 3189 Ceterum
425 3129 474 3188 hic
495 3139 584 3209 poeto
607 3132 738 3191 musicae
758 3132 882 3191 liberius
903 3131 1082 3194 excolendae
1102 3136 1270 3214 licitusque

265 3224 330 3284 eius
349 3222 506 3285 dilatandis
522 3226 643 3286 minime
658 3226 878 3302 adversabatur,
897 3226 950 3287 sed
971 3230 1069 3307 potius
1091 3231 1176 3290 enixe
1196 3250 1269 3315 ope·

179 3340 182 3347 ·
232 3322 326 3379 'ram
347 3318 443 3381 dabat.
484 3323 581 3401 Atque
602 3343 617 3381 a
637 3322 816 3383 Pherecrate
836 3324 966 3397 comico,
996 3325 1045 3402 qui
1068 3332 1139 3385 'carm
1167 3326 1268 3390 mutto

263 3413 531 3478 eruditissimorum
548 3418 730 3478 Graecorum
751 3426 845 3479 totam
859 3418 938 3479 illam
960 3421 1154 3480 recentiorem
1175 3422 1268 3482 musi·

263 3529 343 3585 cam,
372 3516 414 3575 ut.
430 3512 526 3573 iustos
552 3514 627 3573 lines
655 3515 938 3594 transgredientem,
968 3534 1026 3575 nou
1050 3516 1267 3595 perlectionem

262 3606 346 3678 artis,
366 3606 420 3667 sed
440 3607 678 3686 depravationem
696 3616 808 3681 censet,
828 3610 907 3669 inter
926 3612 1037 3688 primos
1056 3611 1197 3686 refertur,
1218 3614 1269 3689 qni

262 3701 393 3762 maricae
413 3704 489 3762 mala
508 3705 673 3774 intulerint,
693 3704 734 3764 ita
754 3710 787 3764 ut
809 3705 1015 3783 lreptaclrordo
1034 3725 1092 3766 non
1113 3714 1269 3768 contentas

263 3796 459 3859 instrumento
480 3818 551 3860 usos
571 3800 611 3859 sit
625 3799 780 3860 duodecim
791 3801 910 3860 chordis
931 3792 1026 3877 tenso,
1046 3803 1269 3879 quomusicam,

262 3892 382 3970 antiquo
415 3895 558 3973 gravitate
585 3895 738 3975 neglecta,
773 3895 939 3955 molliorem
966 3895 1145 3969 feeerit⁴⁴).
1207 3898 1268 3958 lam

267 4000 467 4012 m———ffl

311 4059 357 4129 42)
373 4062 444 4115 Plut.
462 4063 496 4115 da
511 4062 615 4115 musica
631 4080 656 4115 e.
672 4062 715 4115 3⁰.
732 4063 768 4115 cf.
786 4068 839 4115 not.
855 4060 901 4115 28.

311 4146 357 4211 43)
374 4146 469 4199 Athon.
486 4137 557 4200 xlvss
584 4166 611 4216 p.
631 4146 690 4199 lilii.
708 4150 742 4202 Ε.
771 4148 825 4200 llic
854 4146 1066 4216 Melanippidea,
1096 4144 1174 4211 eina,
1189 4164 1268 4215 qum

260 4242 344 4294 supra
361 4229 543 4295 laudavimus,
567 4246 664 4299 napos,
689 4232 759 4286 intra
776 4231 959 4302 olympiadem
976 4233 1080 4285 LXXX.
1099 4237 1126 4285 et
1144 4232 1196 4285 xc.
1211 4233 1264 4285 llo·

261 4311 323 4368 tuit·
356 4308 453 4365 saroa·
470 4332 497 4367 v.
514 4318 620 4375 Meter.
638 4314 762 4384 Xenoph.
779 4333 894 4371 memor.
910 4317 986 4371 Soor.
1003 4317 1026 4382 l,
1042 4313 1070 4382 4,
1086 4315 1113 4369 d.

312 4396 360 4465 ⁴⁴)
375 4396 445 4452 Plut.
462 4399 496 4453 de
511 4398 614 4453 musica
631 4417 655 4453 c.
673 4399 717 4455 dil.
