3259 5367
1037 676 1047 689 Χ

278 774 472 837 pregreaamu
491 751 685 829 velexitum,
713 752 825 813 nullam
843 751 962 813 omnino
979 753 1119 816 habuerit
1134 754 1209 833 vim,
1236 764 1269 819 et

279 870 368 929 ineo
387 887 446 929 uno
466 864 640 941 eonstiterit,
661 864 894 943 quodimmam
910 866 1038 944 Cyclopa
1056 885 1158 929 amore
1177 890 1269 951 aeger

281 981 319 1041 ad
338 980 481 1041 Gulateae
501 978 605 1039 lauden
632 976 789 1051 ernendae,
809 976 1050 1038 ande-solatium
1067 984 1196 1059 putaret,
1216 1002 1267 1044 εχ.

274 1077 442 1153 'meursio
481 1090 611 1151 Proinde
628 1093 751 1168 praeter
760 1086 977 1168 Polyphemum
996 1096 1027 1151 et
1034 1090 1150 1156 Ulixem
1172 1094 1267 1155 nullm

279 1204 409 1267 ouium
432 1202 464 1262 iu
490 1201 619 1263 earmiue
644 1200 739 1260 fudere
764 1189 916 1279 perronae.
955 1201 1030 1263 Nam
1055 1204 1136 1280 quod
1161 1205 1211 1265 alii
1228 1206 1268 1267 de

281 1315 374 1401 thero
395 1313 557 1393 Cyelopum
584 1318 617 1373 et
642 1331 730 1372 servo
750 1310 926 1392 Polyphemi
952 1312 1128 1391 loquuntur,
1155 1318 1267 1378 aemula

281 1423 433 1495 aemuut”

357 1537 404 1597 De
429 1534 578 1597 amoribus
598 1516 736 1615 Cyelopis
759 1535 868 1597 vellem
895 1521 1008 1599 eautiua
1035 1538 1156 1619 egisset.
1194 1540 1269 1601 Nam

282 1649 308 1709 ai
326 1648 497 1723 connium,
523 1649 563 1709 de
583 1668 640 1726 quo
660 1652 751 1726 poete
770 1667 891 1709 carmen
911 1650 1079 1730 scripserit,
1098 1648 1286 1730 reputamur*

282 1761 363 1842 (vide
383 1762 490 1821 Athen.
510 1762 538 1837 Ι,
565 1764 593 1819 6.
613 1758 706 1821 rahel
732 1759 771 1818 ad
789 1759 939 1840 Ariatoph.
959 1760 1036 1821 Plut
1055 1764 1123 1821 290.
1142 1750 1271 1841 etpuae
1389 1773 1391 1776 ’

282 1872 491 1952 disputavimus
523 1892 552 1953 p.
571 1876 619 1936 ei.
645 1867 723 1947 eu),
755 1869 845 1932 faeile
876 1873 1060 1952 auapieamur
1092 1872 1224 1936 iahulam
1251 1896 1270 1937 a

282 1984 445 2045 Philoxeno
462 1982 504 2044 itu
523 1988 691 2044 contextam
709 1981 815 2056 fuisse,
844 1987 879 2042 ut
895 1984 927 2043 in
944 1984 980 2043 iio
999 1986 1203 2046 deamihendia
1221 1988 1271 2049 vel

283 2114 428 2157 summum
454 2099 636 2155 momentum
660 2093 790 2171 positum
817 2098 914 2168 esset,
942 2095 1054 2174 quippe
1077 2097 1183 2174 quibua
1208 2103 1270 2161 tan

282 2206 457 2287 Polyphemi
482 2227 500 2266 a
519 2204 643 2267 Galatea
669 2203 816 2284 repudiati
833 2205 916 2265 rudia
933 2203 1098 2266 immanitas
1117 2207 1271 2271 deridere·

281 2323 346 2394 tur,
377 2337 464 2396 quam
489 2316 582 2378 Ulixis
608 2315 768 2402 dexteritas
795 2320 886 2394 atque
916 2335 974 2394 qua
1000 2317 1038 2376 ah
1066 2336 1103 2377 ee
1130 2326 1272 2401 exeeptua

259 2434 365 2521 ,esset
383 2428 477 2509 gretia
490 2428 702 2491 celebraretur.
741 2428 844 2507 ltaque
863 2446 953 2505 quum
972 2426 1054 2503 alias,
1073 2433 1108 2488 ut
1127 2435 1174 2491 eat
1190 2431 1271 2511 apud
1322 2437 1325 2445 ’

283 2542 419 2603 Ovidium
437 2540 512 2602 Mei.
524 2540 600 2616 xiii,
617 2543 695 2616 884„
715 2540 848 2602 aemulus
865 2540 898 2601 in
916 2540 1040 2601 amanda
1058 2539 1183 2603 Galatea
1200 2542 1272 2605 heiu

281 2659 479 2734 proponatur,
507 2672 595 2732 quem
621 2655 661 2715 oh
679 2658 793 2715 amatre
818 2652 953 2714 favorem
975 2652 1104 2732 Cyclopa
1131 2654 1270 2731 trucidat,
1295 2702 1302 2711 .

282 2763 470 2841 Philoxenus,
489 2770 524 2825 ut
543 2786 562 2827 e
580 2785 616 2827 re
635 2785 689 2827 aua
708 2769 790 2839 erat,
812 2765 959 2829 aemulum
977 2765 1094 2827 Ulixem
1111 2763 1200 2841 feeit,
1221 2767 1271 2845 qui
1377 2805 1381 2814 ,

281 2878 463 2939 uouaolum
488 2876 566 2937 illiue
595 2875 728 2939 furorem
748 2876 867 2956 effugit,
895 2877 949 2937 aed
975 2878 1073 2957 iprum
1098 2876 1272 2939 foedissime
1306 2918 1311 2924 -

281 2989 449 3051 obtruncat.
485 2984 601 3047 Verum
627 2987 720 3064 magia
738 2974 829 3047 eiiam
847 2987 956 3060 miror,
989 2988 1070 3066 quod
1096 3008 1137 3049 ne
1155 2990 1188 3048 id
1206 2990 1270 3067 qul-

281 3098 352 3161 dem
370 3096 486 3157 Ulixem
504 3096 709 3159 Philoxeuium
726 3095 838 3159 iecisse
855 3115 918 3157 neo*
931 3096 989 3157 nini
1008 3118 1075 3159 eam
1091 3098 1123 3159 in
1141 3100 1272 3159 carmine

256 3246 257 3249 =
280 3208 373 3272 iniere
392 3207 471 3269 deuii
488 3206 683 3287 privationem
700 3207 889 3289 Bergleiuiua
908 3207 995 3284 dieitj
1015 3228 1103 3286 quam
1120 3207 1270 3289 Polyphe-

217 3326 230 3335 ”
280 3340 363 3399 mua,
388 3340 480 3399 quum
500 3320 653 3383 Galateam
673 3324 810 3395 caueret,
835 3321 1085 3399 pronuntiaverit,
1105 3322 1155 3381 vel
1172 3321 1271 3401 potius

282 3453 363 3509 eam,
389 3453 477 3512 quam
496 3431 689 3495 Telemuaei
707 3431 879 3493 vaticinatus
897 3432 945 3492 ait
983 3433 1050 3513 lpaa
1068 3433 1151 3493 enim
1165 3433 1270 3493 earmi-
1321 3445 1323 3449 ‘

280 3544 326 3605 nia
344 3543 513 3625 fragmenta
531 3543 602 3605 satia
621 3546 748 3625 probant
766 3544 883 3625 Ulixem
910 3544 942 3604 in
961 3564 999 3605 eo
1019 3544 1154 3605 similiter
1172 3543 1271 3623 egiaae
1314 3574 1320 3594 ι
1382 3530 1389 3543 ’

281 3674 349 3717 eum
368 3656 514 3737 Cyclope,
534 3662 569 3716 ut
588 3658 624 3717 ah
644 3656 778 3716 Homero
796 3661 948 3717 narratum
966 3660 1030 3731 eat,
1051 3672 1088 3715 ex
1104 3654 1141 3714 iia
1160 3660 1270 3731 autem,

267 3786 357 3845 ,quae
376 3768 603 3847 Aristophaneo
620 3767 651 3827 iu
669 3768 757 3829 Pluto
776 3768 836 3827 l-l.
856 3768 982 3828 chorum
1007 3766 1180 3844 loquentem
1197 3766 1272 3827 feeit

281 3883 313 3939 et
331 3898 408 3957 quae
422 3874 599 3941 arehnliutae
614 3885 764 3955 annotant,
785 3880 914 3941 dilucide
933 3883 1058 3958 apparet
1066 3878 1183 3939 Ulixem
1200 3877 1271 3937 Phi-

280 3990 429 4051 loxeuium
447 3990 515 4071 palo
537 3992 654 4053 oaidum
665 3991 850 4071 Polyphemo
870 3989 1039 4052 extorsisse.
1078 3991 1162 4067 Quae
1181 4008 1271 4068 quum

280 4100 321 4161 lta
333 4102 402 4177 aiut,
427 4121 489 4163 non
510 4103 611 4165 dubito
630 4104 706 4179 haee
724 4103 873 4165 Athenaei
887 4106 996 4165 verha:
1020 4093 1074 4164 Ἐν
1095 4093 1145 4174 αἷς
1166 4102 1271 4183 (iaro-

200 4292 206 4303 .
280 4209 379 4291 pluas)
400 4214 503 4277 ποιῶν
520 4214 578 4279 τὸν
604 4214 766 4279 Κύκλωπα
789 4213 945 4297 συνέθηκε
967 4210 1025 4278 τὸν
1044 4219 1152 4305 miden
1170 4212 1216 4287 εἰς
1234 4213 1271 4275 τὸ

279 4320 455 4407 περὶαὺιὸν
470 4328 642 4411 γενόμενον
654 4329 769 4409 πάθος,
781 4328 839 4395 τὸν
854 4326 1272 4418 μὲνΔιονύσιονὶΙίύιιλωπα
