3259 5367
145 724 146 807 ο
268 766 353 841 seni,
381 760 586 843 pmdautiorta
610 768 711 825 autem
735 760 936 843 intelligerent
952 760 1070 844 ineptos
1089 768 1123 826 ct
1139 762 1264 828 οιίιοοοο
1358 825 1361 831 .

270 864 395 1015 botulfi:
410 878 568 1033 inhabitur
582 952 779 1015 Philoxenum
792 952 995 1034 cognoscimus
1008 953 1158 1017 homiuem
1171 955 1267 1019 fuisse

271 1049 406 1124 altiorem,
425 1049 566 1124 facetum,
586 1056 680 1109 satem
699 1068 781 1109 suam
804 1049 900 1127 magni
919 1048 1093 1124 facientem,
1113 1051 1266 1136 epularum

273 1145 497 1206 oblectamentis
517 1145 716 1221 indulgentem
738 1143 873 1222 quidem,
891 1161 951 1203 non
971 1151 1068 1205 temen
1085 1146 1160 1207 adeo
1179 1149 1266 1209 dedi·

273 1244 355 1311 tum,
384 1248 418 1300 ut
436 1240 624 1301 honestatem
644 1239 690 1299 his
709 1238 905 1317 uoluptatibus
924 1239 1133 1317 posthabuerit
1171 1242 1266 1304 Immo

271 1335 566 1398 vidimusmaluisse
592 1354 661 1397 cum
687 1353 789 1395 verum
815 1333 918 1393 dicere
936 1334 1037 1411 atqne‘
1053 1334 1084 1394 iu
1110 1336 1265 1400 lautumias

272 1430 399 1504 secludi,
418 1449 505 1509 quam
525 1430 667 1495 assentari
688 1437 777 1507 atque
795 1428 961 1506 splendidis
981 1430 1200 1509 tyronuiepuiis
1220 1434 1266 1493 in-

272 1528 397 1585 teresse.
434 1526 506 1585 Huc
527 1528 613 1585 etism
636 1525 793 1585 referenda
812 1531 900 1595 suut,
920 1543 997 1602 quae
1016 1525 1194 1585 Plutarchus
1215 1526 1266 1603 ²⁰)

271 1626 385 1693 narni,
405 1619 598 1681 Philoxenum
609 1628 746 1698 moelem,
767 1640 858 1699 quum
870 1619 1056 1680 immodicam
1075 1621 1219 1681 luxurium
1238 1621 1269 1683 iu

274 1712 372 1777 Sicilia
398 1716 554 1795 propagari
580 1715 777 1788 uideretsne
803 1716 869 1793 ipse
894 1714 952 1774 hoc
971 1717 1119 1776 communi
1138 1717 1268 1777 omnium

273 1809 630 1884 uitiooontaminaretur,
656 1808 781 1870 insulam
800 1809 973 1887 reliquisse,
994 1812 1125 1888 quamvis
1144 1811 1270 1871 fundum

274 1905 315 1966 ibi
327 1906 460 1965 haberet·
499 1906 593 1968 Simul
609 1924 645 1966 ex
656 1906 704 1979 iis,
719 1924 795 1984 quae
806 1894 1013 1978 contraximus,
1030 1911 1154 1983 apparet
1167 1926 1270 1983 mugra

275 1998 472 2059 Philoxenum
491 2019 575 2059 usum
596 2018 663 2059 ease
683 2000 815 2077 Dionysii
833 2001 928 2077 gratia
946 2008 978 2058 et
995 2002 1214 2075 aestimatione;
1232 2002 1269 2061 ll-

276 2100 327 2154 cet
352 2094 399 2165 uel
418 2094 483 2172 ipse
509 2101 647 2171 expertus
667 2095 724 2167 sit,
748 2098 873 2155 uerbum
899 2112 1015 2166 verum,
1044 2097 1099 2154 sed
1127 2096 1272 2171 ingratum

276 2196 400 2267 tyranno
427 2189 572 2248 neminem
607 2187 722 2246 dixisse
747 2187 933 2263 impunitum.
981 2187 1041 2246 lum
1068 2206 1156 2262 vero,
1192 2189 1272 2267 quod

277 2285 371 2345 semel
398 2284 524 2343 vidimus
553 2282 663 2341 factum
693 2299 778 2352 esse,
806 2285 839 2338 ut
863 2280 893 2340 iu
920 2281 1074 2342 lautumias
1093 2282 1273 2344 Philoxenus

275 2378 502 2452 detruderetur,
531 2377 658 2437 buciaco
685 2373 735 2453 ⁹1)
757 2381 834 2435 teste
863 2376 951 2436 etiam
971 2377 1089 2455 saepius
1109 2379 1138 2436 ei
1157 2377 1273 2439 accidit.

152 2476 155 2485 '
278 2474 401 2535 Certum
421 2482 518 2533 autem
539 2478 587 2533 est
610 2474 667 2533 hac
696 2490 764 2531 eum
792 2488 888 2547 poene
908 2476 1065 2547 propterea
1084 2490 1201 2549 quoque
1227 2473 1273 2533 ui·

228 2603 233 2613 ·
276 2569 392 2629 fectum
412 2588 496 2642 esse,
522 2569 600 2646 quod
628 2567 760 2627 aemulus
780 2562 922 2641 Dionysio
949 2566 1114 2625 exstitisset
1132 2568 1274 2629 amandae

278 2664 429 2735 Galatere,
449 2664 569 2741 pulcrae
589 2664 741 2735 tibicinae;
760 2668 849 2739 atque
868 2665 937 2718 tuuc
953 2660 1071 2737 quidem
1085 2678 1143 2721 non
1157 2664 1273 2739 tyranni

278 2760 360 2820 brevi
379 2760 498 2819 rediens
519 2760 612 2838 gratia
632 2778 699 2818 eum
720 2776 738 2816 e
758 2754 891 2816 custodia
910 2756 1044 2829 reduxit,
1072 2756 1124 2813 sed
1153 2758 1203 2816 diu
1223 2778 1273 2819 re-

277 2861 376 2915 tentus
395 2855 462 2932 ipse
482 2856 537 2913 sibi
556 2854 719 2913 libertatem
741 2848 926 2927 recuperauit
944 2847 1004 2927 ²2).
1045 2849 1105 2911 lom
1126 2850 1194 2924 hoc,
1214 2871 1273 2929 quo

276 2950 309 3011 iu
327 2949 477 3008 lautumiis
497 2947 628 3005 seclusus
644 2946 820 3014 abundabat,
834 2944 895 3001 otio
914 2944 954 3003 ita
963 2964 1034 3002 usus
1050 2951 1107 3017 est,
1128 2953 1163 3003 ut
1177 2946 1273 3008 auimo

261 3040 457 3105 ,exacerbato
476 3040 629 3113 indulgens
649 3054 725 3111 quae
743 3037 821 3091 inter
840 3035 952 3107 ipsum,
977 3041 1150 3113 tyrannum,
1172 3042 1273 3100 ‘ibici‘

277 3155 345 3197 nam
364 3125 593 3199 intermiserant
613 3145 719 3187 causae
738 3125 838 3184 fabula
857 3130 1047 3199 contexeret,
1067 3138 1155 3205 utque
1173 3136 1275 3211 dithy-

276 3234 410 3295 rsmbum
439 3230 630 3303 componeret
651 3219 720 3297 ²³),
748 3238 807 3299 quo
831 3218 1004 3297 Dionysium
1029 3221 1161 3285 iaciebat
1184 3226 1274 3306 Poly.

281 3458 285 3465 '
327 3460 371 3528 ²⁰)
390 3462 423 3512 de
434 3454 740 3524 ritand.uer.al.p.831.
757 3454 898 3520 Φιλόξενος
910 3452 936 3508 δ’
943 3452 959 3507 ὁ
970 3456 1274 3536 ualonotdrdroiarotslqt

259 3564 260 3569 ¹
280 3544 413 3613 Σικελικῇ
434 3542 535 3615 κλήρου
561 3540 702 3609 μετασχών
724 3539 772 3595 sul
788 3540 851 3609 flios
868 3538 915 3593 stul
933 3540 1022 3605 οἴκου,
1040 3539 1113 3613 ὁρῶν
1124 3542 1154 3597 δὲ
1170 3545 1274 3614 πολλὴν

276 3626 386 3700 τροφὴν
402 3626 449 3680 sul
468 3622 649 3694 ἡδυπάθειαν
665 3623 712 3677 sat
735 3623 870 3692 deasciato
887 3620 1134 3694 ἐπιχωριάζουσαν,
1151 3626 1191 3694 μὰ
1207 3627 1273 3691 τούς

277 3712 378 3777 brodo,
395 3708 486 3774 εἶπεν,
504 3706 550 3776 ἐμὲ
565 3709 654 3761 ταῦτα
670 3704 706 3761 rol
722 3705 819 3775 ἀγαθὰ
835 3701 888 3761 otis
902 3704 1011 3773 ἀπολεῖ,
1035 3708 1091 3762 ἀλλ’
1109 3708 1159 3777 ἐγώ
1175 3713 1273 3767 ταῦτα.

277 3796 325 3853 sat
344 3791 505 3849 succisoris
527 3790 628 3861 ἑτέροις
654 3790 704 3845 τὸν
727 3792 829 3859 κλῆρον
855 3789 1019 3855 ἐξέπλευσεν.
1062 3795 1103 3845 lle
1126 3794 1169 3846 his
1196 3796 1274 3849 bouis

276 3879 433 3942 Philoxani,
460 3877 482 3928 si
506 3876 612 3927 omuino
636 3876 664 3927 iu
690 3877 743 3928 hac
767 3875 964 3928 narratiuncula
983 3876 1192 3945 veniabiles,
1216 3880 1274 3933 sino

278 3965 359 4018 dubio
376 3964 414 4015 ita
429 3963 606 4023 statuendum,
624 3965 653 4013 ut
668 3976 685 4013 tt
701 3961 828 4029 Dionysio
845 3961 908 4013 datu
924 3975 983 4011 esse
999 3965 1129 4027 putemus.

328 4052 373 4115 2¹)
391 4048 450 4100 adu.
468 4046 567 4098 indoct.
584 4042 627 4096 15.
1127 4050 1131 4053 ’

328 4132 373 4199 2²)
390 4132 543 4184 Athenaeus
565 4130 591 4194 1,
614 4126 640 4179 6.
667 4125 741 4182 Suid.
765 4124 912 4192 Φιλοξένου
937 4144 1071 4197 recubus.
1105 4127 1197 4181 Schol.
1213 4126 1275 4181 hrt-

277 4216 366 4283 steph.
383 4216 452 4267 Plut.
469 4232 496 4267 u·
511 4212 570 4267 290.

250 4334 252 4337 .
328 4298 557 4365 23)Δι1ιοιι.1.1.
579 4293 681 4348 helian.
704 4311 732 4347 v.
754 4294 784 4345 h.
807 4290 873 4360 xn,
896 4288 944 4366 te
978 4292 1090 4347 Nomine
1113 4294 1160 4346 hic
1181 4293 1274 4363 dissty-

276 4383 385 4441 rtuubua
401 4383 553 4452 appellatus
570 4384 610 4437 est
626 4378 662 4434 ab
680 4378 741 4434 aliis
757 4376 892 4449 cyclopis,
908 4377 944 4431 ab
964 4378 1025 4433 uliia
1041 4378 1182 4433 Galateaa.
