3259 5367
860 580 908 652 14

387 760 525 839 autiquae
543 754 676 831 rationis,
694 752 904 834 a'l'erpaudro
920 753 1111 823 constitutae,
1130 752 1274 815 minorem
1294 754 1383 816 etin

306 842 310 849 ⁸
387 863 474 934 quam
510 852 720 913 antecedentes
754 857 860 929 poetae
888 848 1095 927 dithyrambiei
1121 868 1226 909 cursus
1248 850 1384 911 haberet.

266 1008 271 1025 ,
385 950 528 1023 Accedit,
556 947 634 1025 quud
663 966 728 1006 eam
748 948 907 1020 musicam,
936 946 983 1003 cui
1003 944 1126 1004 similem
1147 945 1180 1003 bl
1199 964 1258 1006 nou
1276 946 1383 1014 nisiin
1431 971 1434 977 ¹

386 1045 562 1105 carminibus
582 1042 730 1103 bacchicis
750 1046 977 1121 usurpaverant,
997 1040 1044 1099 sel
1063 1040 1101 1098 iis
1120 1040 1235 1113 intulit,
1256 1061 1331 1120 qnae
1351 1043 1383 1102 in

383 1140 528 1219 Apollinis
556 1138 698 1198 honorem
728 1139 914 1198 canebantur.
954 1135 1071 1195 Etenim
1098 1134 1225 1213 hymnus
1245 1137 1276 1197 in
1302 1137 1382 1198 hunc

318 1234 321 1255 ⁸
385 1238 491 1307 deum,
519 1234 658 1314 peculiari
687 1232 819 1293 vocabuli
844 1250 900 1291 usu
919 1230 1018 1311 νόμος
1036 1231 1217 1311 appellutua,
1244 1233 1381 1311 adithy·

332 1338 337 1349 “
382 1332 477 1391 ramhi
497 1330 616 1389 licentia
636 1348 728 1407 aequae
747 1329 859 1387 alienus
879 1335 943 1387 crat
955 1336 1043 1406 atque
1052 1326 1198 1404 Apollinis
1212 1333 1381 1407 temperau-

384 1429 425 1488 tin
446 1447 463 1485 a
482 1426 591 1485 Bncohi
611 1425 730 1497 lurore,
756 1429 920 1484 etcertum
942 1422 1087 1501 quendam
1109 1422 1240 1482 ordinem
1262 1424 1381 1483 deside·

382 1542 449 1583 aare
468 1521 629 1581 uidebatur.
669 1521 770 1597 ltaque
796 1522 825 1579 in
852 1537 888 1579 co
908 1520 1026 1596 antiqua
1046 1517 1201 1596 disciplina
1220 1537 1276 1597 per
1295 1518 1380 1599 plura

276 1616 278 1620 ’
381 1616 498 1677 saeculo
525 1615 710 1675 sanctissime
734 1615 907 1685 observato,
938 1632 1135 1690 numerusque
1163 1631 1181 1671 a
1207 1610 1380 1692 Terpandro

301 1705 302 1708 '
381 1710 567 1785 constitutus,
588 1710 760 1770 hexameter
778 1697 944 1789 dactylicus
963 1715 1097 1771 retentus
1116 1713 1174 1780 est,
1194 1706 1263 1767 doru
1284 1708 1380 1789 Phry-

380 1808 427 1869 nis
455 1806 626 1866 hexametro
655 1806 746 1866 libero
772 1813 867 1865 metra
895 1805 1058 1881 adiungens
1077 1810 1109 1863 et
1128 1823 1182 1882 pro
1201 1805 1289 1865 solita
1309 1806 1380 1867 har-

379 1904 476 1964 monio
495 1902 568 1959 alias
588 1901 730 1961 adhibens
751 1908 846 1961 totum
864 1896 1058 1979 mucronis).
1098 1899 1160 1961 lom
1176 1919 1264 1973 vero,
1289 1920 1380 1978 quum

379 1998 424 2059 sic
443 1997 603 2057 carminum
624 1983 716 2077 genus
737 1997 962 2057 dissimillimum
978 1996 1166 2075 dithyrambo
1181 1987 1380 2057 assimilatum

378 2099 478 2165 esset,
505 2111 600 2170 neque
619 2098 720 2172 potest
740 2093 863 2153 dubium
883 2112 968 2168 esse,
999 2093 1069 2171 quin
1094 2091 1228 2151 omuibus
1254 2092 1378 2170 reliquia

376 2190 453 2250 idem
472 2189 584 2248 factuam
606 2190 654 2263 sit,
685 2192 717 2249 et
736 2189 791 2247 iam
812 2195 945 2268 apparet,
966 2189 1034 2266 quid
1056 2188 1106 2256 sit,
1127 2188 1205 2264 quod
1225 2205 1314 2266 supra
1333 2187 1379 2247 di-

376 2286 481 2358 ximus,
501 2291 593 2345 totam
614 2286 726 2365 poesim
747 2284 869 2361 lyricam
890 2291 953 2343 tum
973 2284 1003 2343 io
1017 2281 1203 2359 dithyrambo
1217 2282 1377 2343 interiisse·

375 2381 450 2441 Nam
470 2380 522 2439 ubi
542 2382 668 2456 primum
689 2377 804 2456 singula
824 2379 968 2449 carmina,
993 2377 1119 2437 sublatis
1137 2376 1254 2437 formae
1272 2378 1376 2439 discri-

374 2475 511 2546 minibus,
533 2474 637 2551 quibus
657 2479 742 2532 antea
762 2480 900 2533 accurate
919 2473 1048 2533 distenta
1067 2471 1197 2546 fuerant,
1222 2474 1320 2533 omnia
1339 2474 1376 2533 ad

280 2604 283 2611 ·
375 2569 552 2646 dithyrambi
581 2568 738 2645 imaginem
768 2566 875 2635 effecta
901 2576 970 2630 suut
999 2574 1030 2628 et
1056 2575 1229 2647 argumento
1257 2586 1293 2628 ex
1316 2569 1377 2628 allo
1411 2605 1413 2616 ,

372 2666 403 2726 iu
430 2664 508 2725 aliud
536 2662 676 2723 translato
704 2682 798 2742 paene
826 2664 887 2724 sola
907 2663 1080 2737 occasione,
1116 2682 1174 2740 qua
1200 2664 1375 2731 edebantur,

374 2760 595 2839 discreparant,
625 2764 708 2819 recte
735 2765 797 2819 tuta
825 2760 925 2839 poesis
952 2760 1044 2838 lyrica
1072 2758 1129 2818 dici
1149 2766 1250 2839 puteat
1274 2760 1376 2841 dithy-

373 2858 576 3011 nmhdicddnum
602 2956 708 3013 tamen.
726 2950 918 3029 dithyramho.
938 2970 997 3012 uon
1025 2957 1122 3014 totum
1148 2955 1289 3031 cessisse,
1318 2955 1373 3016 sed

369 3082 566 3097 W

370 3154 477 3205 atoteles
494 3170 554 3205 cum
572 3153 605 3204 de
622 3150 724 3205 musica
741 3151 849 3203 uberius
866 3153 1014 3205 excolendo
1030 3154 1130 3221 optimo
1146 3155 1276 3208 meruisse
1292 3174 1372 3225 praa-

368 3236 447 3290 dicat.
465 3256 491 3289 v.
509 3236 661 3303 Metaphya.
679 3236 703 3285 A
720 3233 833 3289 ἔλαττον
855 3251 883 3302 p.
900 3233 959 3287 993.
977 3235 1009 3285 Β.
1027 3234 1148 3289 15-19.
1171 3237 1207 3289 cs.
1232 3240 1371 3293 Plutarch.

368 3320 386 3371 d
448 3338 486 3371 us.
505 3338 527 3371 c.
546 3319 572 3369 o.

387 3338 402 3372 ⁰
419 3338 467 3469 16Ῐίλ)
484 3404 570 3454 Procl.
589 3417 632 3468 ap.
651 3401 728 3454 Phot.
746 3403 764 3454 l.
781 3404 800 3454 l.
825 3400 859 3456 Ὀ
882 3400 977 3469 με’ντοι
993 3402 1076 3469 νόμος
1097 3402 1233 3474 γράφεται
1255 3405 1307 3471 μὲν
1331 3406 1372 3469 εἰς

367 3486 534 3551 Ἀπόλλωνα,
554 3484 608 3553 ἔχει
630 3483 661 3539 ol
686 3486 734 3541 sol
756 3482 808 3555 τὴν
825 3484 983 3555 ἐπωννμλαν
999 3481 1048 3542 ἆτ’
1064 3484 1166 3555 «nitori,
1189 3486 1303 3558 νόμιμος
1317 3490 1370 3562 γορ
1489 3479 1490 3558 J

367 3570 384 3626 d
407 3568 540 3626 Ἀπόλλων
566 3568 721 3640 ἐπεκλήθη,
754 3566 798 3626 ὅτι
823 3574 880 3626 τοῖν
901 3570 1022 3643 cipparius
1043 3570 1143 3644 χοροὺς
1167 3573 1303 3629 λοτολντων
1322 3575 1370 3629 κοιλ

365 3656 436 3727 πρὸς
452 3651 539 3725 aalide
563 3649 581 3722 ἢ
598 3650 684 3729 λύραν
701 3653 825 3729 ᾀδόντων
840 3657 889 3711 τον
905 3658 993 3726 νόμον
1008 3655 1184 3728 Χρνούθεμις
1199 3657 1277 3731 Κριὶς
1291 3660 1368 3731 upot-
1437 3673 1442 3684 ·

365 3760 427 3805 τος,
452 3740 536 3811 στολῇ
557 3739 725 3810 χρησάμενος
749 3739 880 3813 ἐκπρεπεῖ
898 3741 947 3797 sal
963 3733 1086 3813 κιθάραν
1103 3742 1249 3815 ἀναλαβὼν
1266 3746 1306 3807 ελς
1321 3744 1369 3813 μλ-

364 3842 446 3893 ppulo
473 3826 525 3879 aori
551 3820 727 3891 Ἀπόλλωνος,
755 3825 841 3894 μόνος
863 3818 914 3898 ᾖδε
939 3824 1040 3895 μόνον,
1070 3829 1116 3883 καλ
1138 3826 1369 3897 εὐδοκιμήσαντος
1442 3881 1447 3889 ,

366 3906 454 3964 ednod
471 3908 592 3979 διαμένει
610 3908 625 3965 d
643 3910 746 3982 τρόπος
761 3914 813 3967 τοῦ
830 3910 1031 3981 ἀγωνίσματος·
1050 3913 1174 3968 donatii
1192 3913 1368 3984 Τέρπανδρος

364 3994 414 4061 μὲν
430 3994 537 4062 πρῶτος
554 3997 691 4051 τελειῶσαι
707 3994 758 4051 ado
774 3993 869 4065 oopus,
886 3995 968 4068 ἡρῴῳ
984 3996 1072 4069 μέτρῳ
1079 3997 1255 4068 χρησάμενος,
1272 3995 1367 4051 ἔπειτα

363 4076 459 4148 Ἀρίων
482 4076 497 4133 o‘
514 4084 698 4149 Μιθομναλος
716 4080 766 4135 oda
784 4075 1062 4150 α’λλμαοονααξιῖοαι,
1084 4081 1169 4144 αὐτὸς
1184 4082 1237 4134 κοιλ»
1248 4077 1367 4148 ποιητὴς

364 4163 411 4217 καλ
432 4161 589 4233 κιθαρῳδὸς
610 4162 762 4233 γενόμενος.
797 4166 898 4237 Φρῦνις
919 4165 950 4220 ol
972 4163 987 4220 d
1010 4170 1201 4234 Μιτυληναῖος
1222 4162 1366 4219 ἐκαινοτό-

362 4262 447 4316 μηοεν
470 4246 569 4302 αὐτόν·
595 4249 629 4303 τό
652 4270 682 4305 τε
704 4252 756 4323 γὰρ
781 4249 929 4322 ἑξάμετρον
950 4253 990 4323 τῷ
1014 4249 1148 4321 λελυμένῳ
1171 4251 1296 4319 συνῆψε,
1317 4250 1366 4303 sol

299 4335 302 4346 '
342 4352 345 4359 ⁴
362 4334 476 4403 χορδαῖς
491 4334 546 4388 τῶν
563 4328 585 4399 ἴ
601 4336 722 4391 πλείοσιν
738 4333 881 4406 ἐχρήσατο.
924 4333 1064 4404 Τιμόθεος
1080 4334 1112 4390 δὲ
1126 4330 1243 4408 ὕστερον
1259 4336 1299 4399 εἰς
1312 4330 1366 4405 τὴν

362 4418 414 4474 νῦν
430 4413 519 4475 odric
535 4413 621 4489 ἤγαγε
639 4419 725 4487 τάξιν.
759 4420 794 4474 cf.
811 4426 866 4477 sat.
881 4420 907 4475 b.
925 4422 996 4477 sua
1012 4423 1047 4476 da
1063 4438 1133 4477 auus.
1150 4440 1174 4476 c.
1189 4422 1233 4475 4.-
