3259 5367
854 524 903 635 ia

377 740 564 823 potissimum
583 738 655 799 srtis
674 737 792 817 species
814 746 847 800 et
865 738 980 799 iormse
998 738 1089 799 ilctsa
1108 738 1176 811 sini,
1197 738 1273 798 hsec
1293 720 1388 818 quse·

377 839 444 910 stio,
464 855 554 915 quum
576 852 633 895 non
653 852 690 893 ex
710 834 835 913 integris
855 853 960 895 eornm
981 834 1178 905 cssminihus,
1199 833 1292 899 sede
1312 854 1387 913 psn·

377 935 420 995 cis
447 931 618 1011 fragmentis
647 936 678 989 ct
700 930 778 990 uotis
794 932 976 1010 quihusqlsm
997 931 1183 1007 antiquorum
1204 930 1386 1009 scriptorum

376 1027 532 1089 diiudicari
551 1026 656 1104 possit,
678 1026 762 1086 valde
782 1027 924 1106 impedita
944 1033 1002 1089 est.
1041 1025 1240 1086 Nihilominus
1261 1044 1386 1086 cernere

377 1124 450 1184 licet
470 1130 623 1200 utramque
645 1141 719 1193 esm,
741 1141 828 1199 quam
850 1124 939 1183 modo
959 1122 1199 1202 significavimus,
1218 1122 1318 1200 poesis
1337 1120 1387 1200 ly·

376 1219 457 1282 slsaa
477 1218 608 1294 speciem
629 1223 661 1277 et
681 1223 839 1296 utramque
858 1238 962 1296 magns
982 1219 1145 1279 formarum
1167 1220 1310 1278 sssietnte
1330 1234 1385 1277 ex·

376 1314 485 1377 cultum
513 1332 591 1374 esse.
639 1314 733 1389 ersm
762 1316 915 1391 quominus
942 1321 1034 1375 iotsm
1063 1298 1278 1393 perspiciamus
1307 1318 1386 1373 tem·

376 1429 482 1493 porum
509 1408 614 1469 iniuria
642 1409 782 1487 impedit,
817 1410 872 1470 sed
898 1412 1055 1470 msximsm
1081 1409 1176 1469 inisse
1201 1407 1385 1469 luculentum

334 1526 340 1538 ¹
378 1512 410 1567 st
418 1504 607 1565 memorabile
620 1505 787 1584 exemplum
796 1508 944 1567 habemus
952 1507 1021 1576 hoc,
1042 1503 1385 1583 quodaelgenusquod-

376 1602 445 1663 dem
474 1600 652 1679 dithyramhi
674 1600 811 1662 iecerunt
837 1602 926 1679 plane
947 1603 1155 1675 dramaticum,
1183 1599 1331 1659 eiusmodi
1349 1604 1385 1659 ut

375 1700 493 1776 prester
527 1695 649 1755 chorum
685 1696 792 1777 singuli
828 1697 958 1758 srtiiices
993 1697 1030 1756 ad
1060 1696 1191 1757 fabulam
1226 1696 1281 1754 suh
1313 1714 1385 1774 per·
1491 1751 1492 1756 ,

376 1810 447 1851 ιοιιι
473 1789 569 1869 sliqus
595 1791 739 1853 edendam
768 1792 922 1871 prodirent
938 1795 998 1864 ⁵⁶).
1060 1791 1172 1854 Verum
1199 1792 1279 1851 inter
1307 1792 1385 1851 hsec

376 1886 505 1961 cspmlna
532 1892 564 1946 ei
590 1887 747 1965 genuinum
769 1890 872 1949 drama
891 1888 1029 1962 atticum,
1058 1888 1240 1967 tragoediam
1264 1887 1311 1945 sel
1332 1904 1384 1945 co·

376 1982 523 2043 moediam
536 1978 596 2061 ⁵⁷),
626 1983 684 2045 hoc
705 1985 892 2063 potissimum
909 1985 1084 2045 discriminis
1104 1984 1220 2043 ridetur
1239 1984 1383 2043 interces-

342 2147 345 2153 ἱ
377 2077 470 2151 sisse,
498 2079 576 2154 qnod
598 2078 627 2139 in
648 2080 685 2137 iis
705 2081 782 2140 actio
803 2081 900 2141 miuus
921 2087 1004 2141 certo
1026 2080 1148 2144 consilio
1167 2079 1309 2158 disposita
1330 2096 1383 2136 cx-

375 2173 544 2247 hiherctur,
566 2194 600 2234 ac
621 2180 684 2235 tota
704 2175 803 2237 fabula
824 2195 881 2236 non
901 2195 1055 2250 sermone,
1075 2176 1129 2235 sed
1151 2184 1237 2235 csntu
1258 2173 1383 2233 efferre-
1490 2211 1492 2226 ‹

376 2271 504 2342 tur⁵⁸);
523 2272 699 2350 omninoque
720 2272 914 2349 comparanda
932 2278 1001 2332 sunt
1020 2291 1088 2330 cum
1107 2291 1143 2331 eo
1163 2273 1295 2332 desmate
1316 2289 1382 2329 snu-

377 2365 457 2439 sico,
480 2367 556 2443 qnod
578 2367 686 2425 nostris
706 2366 892 2443 temporibus
912 2368 1152 2446 receptissimum
1171 2373 1218 2427 eat
1236 2373 1268 2427 et
1286 2366 1381 2427 nomi·

375 2454 461 2520 nstur
482 2458 534 2518 die
550 2460 641 2539 Opor.

453 2554 499 2612 Ad
527 2556 601 2614 hacc
628 2560 727 2615 sutem
755 2558 854 2637 magni
881 2558 975 2618 refert
996 2559 1185 2645 cognovisse,
1211 2558 1328 2637 quslem
1348 2557 1381 2617 hi
1491 2551 1492 2576 ³

376 2653 484 2727 poetae
504 2650 686 2710 excoluerint
705 2653 861 2713 musicam.
908 2655 1060 2728 Quaeres
1080 2656 1211 2735 quamvis
1230 2653 1381 2713 ultissimis
1490 2695 1491 2710 r

375 2745 506 2805 tenebris
527 2744 620 2805 offusa
641 2745 699 2820 sit,
731 2748 761 2808 in
781 2749 948 2810 universum
973 2759 1072 2812 tamen
1093 2759 1217 2831 appsret
1236 2751 1319 2834 hanc
1333 2769 1380 2808 ar·

375 2842 437 2899 iem
463 2842 611 2918 perillus
639 2842 676 2901 ad
705 2844 735 2903 id
768 2842 959 2922 perfectionis
987 2847 1158 2929 festigium,
1195 2846 1273 2925 quod
1301 2844 1380 2924 apud
1437 2884 1443 2893 ·
1490 2867 1491 2872 ¹

376 2933 508 2995 Graecos
528 2937 645 3015 quidem
667 2956 812 3001 summurn
832 2951 931 3012 esset,
960 2946 1139 3023 pervenisse.
1180 2941 1255 3001 Nsm
1274 2942 1380 3001 modos
1490 2937 1491 2984 ἒ

375 3032 504 3093 musicos
526 3030 674 3112 (νόμως)
696 3034 834 3097 iecerunt
853 3056 939 3116 quam
960 3040 1119 3118 plurimos,
1148 3039 1256 3117 qulbus
1276 3037 1379 3098 celeri·

374 3131 423 3189 ies
445 3148 501 3208 per
532 3138 626 3193 totam
653 3130 809 3193 Graeciam
837 3132 991 3214 divulgetis
1017 3153 1076 3225 nnn
1103 3133 1199 3193 solum
1228 3134 1387 3213 seqnnles,
1489 3161 1490 3184 ι

746 3332 756 3359 Ι

374 3390 477 3443 Cremo
494 3393 601 3461 quidem
618 3396 654 3458 id,
670 3400 741 3464 quod
749 3400 928 3455 Archilochus
936 3402 1082 3467 insonaret,
1100 3405 1129 3455 ui
1145 3400 1377 3455 instrumentorum
1488 3381 1489 3396 l

374 3475 448 3527 lusus
469 3480 554 3532 recha
579 3498 630 3532 uon
648 3489 766 3550 caritate,
793 3487 841 3537 sed
858 3486 930 3539 dicta
948 3486 1134 3555 comitaretur,
1159 3486 1261 3554 primus
1284 3486 1375 3556 dithy-

374 3562 468 3613 ramho
491 3562 610 3617 intulisse
636 3564 739 3626 dicitur.
765 3586 766 3591 ¹
787 3569 857 3622 Plut.
881 3572 915 3623 de
937 3588 1006 3625 mus.
1024 3588 1047 3622 c.
1065 3571 1107 3623 28.
1137 3572 1265 3640 Polyidus
1294 3587 1375 3639 quum

373 3646 502 3697 musicam
525 3663 595 3700 nors
616 3650 719 3703 ratione
742 3656 876 3707 excoleret
900 3662 926 3707 et
947 3655 1083 3708 Timothei
1105 3658 1228 3709 aemulus
1243 3656 1375 3720 existeret,

374 3743 426 3779 non
443 3745 535 3796 possm
552 3734 669 3800 gloriam
686 3737 797 3805 adeptus
814 3743 862 3790 est.
881 3756 907 3792 ι,
925 3741 1001 3793 ΒοιΙο
1017 3743 1037 3793 1.
1055 3743 1073 3794 l.
1090 3759 1117 3809 p.
1134 3739 1194 3793 324.

427 3811 470 3879 ⁵⁶)
487 3816 530 3866 Ex
555 3817 608 3869 hoc
632 3837 732 3888 genam
754 3821 808 3874 tuit
824 3816 964 3879 Philoxeni
986 3842 1094 3878 carmen
1111 3826 1227 3895 Cyclops
1251 3824 1297 3875 sal
1318 3822 1374 3874 Gr-

372 3897 447 3949 latea
466 3897 639 3968 inscriptum
670 3921 750 3971 quare
773 3909 820 3959 rel
843 3908 938 3962 drama
960 3910 1126 3978 appeliatum
1143 3915 1184 3963 ast
1199 3926 1216 3961 a
1232 3907 1375 3961 scholiastes
1433 3912 1445 3938 ‘
1487 3895 1488 3920 ¹

372 3980 564 4049 Aristophanis.
583 4004 607 4037 v,
626 3988 706 4041 inira.

426 4064 469 4130 Η)
489 4070 630 4123 Praeterea
647 4079 723 4126 ment
739 4077 829 4143 plures
852 4076 955 4144 species
975 4077 1065 4145 poesis
1082 4076 1261 4139 dmmaiiose,
1279 4076 1374 4144 quihus

371 4147 439 4201 illud
455 4150 620 4220 dithyramhi
637 4172 722 4224 genus
739 4158 822 4213 eriam
838 4160 953 4214 similius
968 4162 1075 4214 videtur
1091 4160 1185 4213 inissa:
1203 4160 1263 4213 dico
1279 4161 1373 4214 draus

370 4234 525 4303 satyricum,
543 4236 810 4311 hilarotragoadism,
828 4247 996 4314 comoediapa
1012 4246 1183 4299 siciliensem.

422 4317 466 4385 ⁶⁸)
484 4319 615 4392 Vallum,
638 4342 719 4393 quum
741 4344 872 4397 personae
893 4348 946 4383 nors
962 4336 1104 4397 mamni,
1129 4330 1178 4384 ssd
1195 4333 1371 4401 loquerentur,

371 4408 512 4460 conuentus
528 4408 624 4465 musici
640 4412 825 4471 sudisbsntur.
841 4432 868 4469 r.
885 4432 912 4469 s.
928 4413 973 4470 Μ.
