3259 5367
377 760 519 839 phanum
543 754 722 833 Cyclopem,
748 754 845 833 ipanus
873 754 1030 833 Ulyssen,
1052 750 1190 834 *puellum
1216 754 1370 820 llslstesn

377 852 621 1007 Nympjlplzffi
639 944 690 1005 illa
709 943 864 1005 Philoxeni
881 962 994 1024 pocus,
1013 944 1108 1023 qualis
1127 897 1235 1022 fuerit,
1262 966 1371 1027 cogno-

375 1051 497 1115 scatur,
518 1041 618 1121 paucis
638 1042 843 1101 lautumiarum
860 1041 982 1101 istarum
1001 1046 1134 1100 naturam
1154 1042 1371 1111 describamus.
1428 1105 1431 1114 ,
1462 1112 1472 1123 ⁸

374 1140 517 1218 Fuerunt,
537 1156 612 1215 quae
632 1135 717 1212 vulgo
736 1132 883 1214 deruptas
902 1136 1123 1215 ascriptoribus
1136 1139 1370 1215 grsecissocau-
1438 1140 1444 1144 ’

374 1242 441 1309 tur,
471 1234 602 1294 celebres
623 1231 801 1309 lapicidinae,
823 1232 852 1292 in
881 1251 917 1292 ea
936 1232 1147 1310 Syracusarum
1170 1241 1256 1313 psrte
1281 1236 1368 1310 sitne,

374 1348 449 1410 quse
469 1348 558 1409 supra
580 1328 723 1405 reliquam
741 1328 846 1388 urbem
872 1328 950 1388 elata
975 1346 1113 1390 occasum
1139 1348 1244 1389 sersus
1265 1330 1368 1391 loom

374 1432 565 1505 praeruptum
589 1426 725 1497 tenebat,
756 1428 789 1483 et
814 1424 931 1485 nomine
953 1413 1131 1484 Ἐπιπολῶν
1155 1426 1368 1504 appellabatur.

373 1518 438 1581 Duo
458 1527 542 1580 mant
561 1519 648 1579 huius
673 1518 803 1598 regionis
830 1521 992 1579 eminentes
1019 1519 1126 1592 colles,
1150 1518 1316 1581 Labdslum
1335 1526 1367 1580 ct

373 1615 530 1693 Euryelns,
551 1620 641 1691 atque
659 1632 754 1695 prope
773 1614 944 1686 auatdsto,
965 1632 1024 1694 qao
1043 1614 1110 1674 ioco
1129 1632 1235 1676 saxum
1254 1615 1286 1675 in
1305 1632 1367 1675 tus·

371 1728 459 1787 gnam
479 1710 661 1771 altitudinem
681 1716 713 1770 et
731 1710 916 1771 latitudinem
935 1710 1067 1771 excisum
1094 1710 1280 1788 erpt‚‹tpsae
1298 1709 1367 1771 illac

370 1804 530 1865 lautumiae
549 1806 802 1883 conspiciebantur
823 1810 893 1881 ²⁴),
921 1807 952 1866 lu
971 1824 1043 1884 quas
1061 1811 1210 1865 narratum
1229 1810 1276 1864 est
1295 1804 1365 1865 Pht·

369 1899 520 1971 toronum,
541 1900 655 1978 siquid
674 1901 704 1961 la
723 1908 879 1981 tyrannum
899 1902 1089 1979 peccavisset,
1108 1900 1274 1971 coniectum
1288 1918 1365 1961 esse.

369 1993 511 2055 fled‘tsm
531 2000 705 2073 antequam
725 2003 793 2077 post
812 1996 986 2075 Dionysium
1004 1996 1060 2055 hae
1085 1995 1246 2080 lautumiae
1266 1993 1366 2053 horul-

367 2106 441 2150 num
460 2091 612 2159 custodiae
630 2091 837 2153 inserviebant.
877 2092 1016 2171 Legimus
1037 2091 1088 2167 ²⁵)
1108 2089 1185 2149 enim
1202 2087 1365 2166 Syracuse·

367 2202 423 2245 nos
448 2186 508 2246 huc
534 2204 610 2247 anno
637 2187 818 2249 ccccxlii.
843 2195 946 2267 captos
966 2185 1163 2246 Athenienses
1189 2183 1363 2255 detrusisse,

366 2286 456 2359 utque
475 2280 624 2343 Romrnos
644 2290 770 2355 constat,
790 2302 880 2361 quum
900 2281 1029 2340 Siciliam
1049 2283 1197 2351 tenerent,
1214 2280 1281 2339 illas
1298 2278 1364 2362 lauf

367 2378 473 2435 tumias
493 2379 627 2453 publicas
646 2379 794 2437 custodias
820 2376 968 2435 habuisse.
1009 2373 1065 2433 cni
1084 2376 1152 2434 usui
1171 2392 1258 2453 quam
1277 2382 1365 2455 aptae
1480 2425 1481 2460 p

366 2468 486 2543 luerint,
507 2488 544 2529 ex
564 2472 629 2540 his,
651 2488 726 2547 quae
748 2471 852 2529 Cicero
874 2472 924 2548 ²⁶)
944 2469 1134 2530 mirabundus
1153 2471 1193 2531 de
1220 2470 1363 2541 disiecit,
1480 2475 1481 2480 ’

232 2580 237 2591 “
365 2564 465 2623 verbis
484 2565 646 2641 colligitur:
666 2564 848 2637 „Nihiltum
867 2566 998 2625 clausum
1019 2565 1056 2624 nd
1076 2565 1190 2639 exitus,
1210 2567 1283 2627 nihil
1301 2572 1361 2626 tam

365 2664 484 2739 septum
504 2659 651 2735 undique,
666 2658 752 2727 vnihil
778 2667 839 2719 tam
864 2667 963 2720 tutum
989 2661 1027 2719 ad
1053 2661 1201 2742 custodias
1221 2661 1363 2723 nec‘lierl
1480 2709 1481 2716 a

366 2771 422 2813 nec
448 2754 571 2833 cogitari
601 2753 730 2831 potest''
777 2752 838 2814 lum
863 2756 932 2815 licet
959 2756 1079 2833 quidem
1100 2766 1274 2837 exspectsre
1300 2756 1360 2815 loct
1480 2741 1481 2758 ²

364 2853 499 2907 naturam
520 2848 585 2907 aliis
605 2850 788 2926 temporibus
808 2852 895 2911 aliam
924 2856 955 2909 ct
974 2848 1083 2923 talem,
1111 2853 1227 2929 qualem
1254 2852 1360 2911 Cicero
1480 2907 1481 2914 ,

364 2942 516 3015 describit,
537 2944 621 3022 longa
633 2944 750 3005 demum
765 2965 907 3005 unnorum
927 2945 1006 3005 serie
1025 2948 1241 3025 multorumque
1260 2949 1359 3026 operis

362 3038 473 3097 lamam
494 3058 570 3108 esse,
590 3044 689 3099 tamen
709 3041 778 3099 huic
806 3041 932 3101 similem
950 3042 1155 3104 lautumiarum
1174 3045 1282 3103 faciem
1299 3044 1360 3102 iam
1480 3061 1481 3094 1

362 3134 497 3212 Dionysii
521 3142 617 3195 aetate
641 3135 735 3194 luisse
761 3156 798 3195 ex
816 3137 854 3193 iis
874 3142 1014 3211 apponet,
1044 3150 1120 3208 quae
1144 3140 1284 3198 Aelianus
1306 3135 1358 3215 ⁹⁷)

362 3230 473 3290 retulit
523 3230 630 3289 Nsrrut
655 3231 731 3289 enim
758 3229 913 3289 lautumias
942 3228 1070 3305 spatium
1097 3228 1360 3309 comprehendisse

363 3326 488 3383 studium
510 3323 645 3399 longum,
671 3324 730 3380 duo
751 3324 867 3400 plethro
886 3325 993 3395 latum,
1020 3330 1109 3398 atque
1127 3323 1229 3403 plures
1248 3341 1359 3413 specus

363 3416 517 3477 distinctos
537 3417 687 3486 hahuisse,
708 3436 762 3497 per
782 3437 856 3496 quus
875 3420 1009 3478 homiues
1029 3418 1075 3475 vel
1101 3413 1205 3495 singuli
1225 3418 1272 3477 vel
1291 3418 1359 3497 plu·

361 3531 412 3571 res
433 3512 650 3584 dividerentur3
671 3510 849 3590 Dionysium⁴
862 3521 959 3573 autem
980 3531 1068 3590 snpra
1087 3511 1166 3571 hunc
1186 3495 1284 3573 iocum
1303 3533 1358 3573 uns

362 3608 452 3685 dique
472 3609 602 3669 clausum
623 3608 709 3667 etism
731 3610 887 3669 custodum
907 3608 1012 3668 turrim
1040 3609 1226 3682 curndidisse‚
1255 3628 1273 3669 e
1300 3627 1359 3688 qus

362 3722 463 3763 omnes
484 3704 640 3781 speluncae
660 3703 749 3763 facile
768 3708 1000 3765 observarentur.
1039 3703 1122 3763 ldem
1141 3704 1280 3763 Aelianus
1299 3705 1359 3764 hoc

361 3816 478 3878 quoque
497 3806 607 3874 narrat,
626 3801 736 3860 multos
755 3801 890 3860 homines
908 3800 938 3858 in
957 3799 1107 3859 lautumiis
1127 3818 1261 3878 magnam
1279 3800 1359 3860 sitae

359 3901 476 3972 partem
506 3897 742 3977 consumpsisse,
769 3897 842 3957 alius
869 3896 959 3957 etiam
981 3894 1024 3955 ibi
1049 3903 1134 3957 nstos
1162 3904 1195 3957 et
1213 3895 1377 3964 educatos,

411 4128 458 4194 2⁴)
476 4126 511 4178 cf.
528 4126 637 4181 Goeller
653 4128 686 4179 de
703 4129 755 4183 situ
772 4134 799 4183 ot
815 4126 884 4199 orig.
901 4126 1027 4199 syrum

410 4210 456 4276 ²⁶)
473 4212 597 4280 Thucyd.
613 4213 670 4275 vll,
688 4212 729 4268 8⁷.

409 4292 455 4361 2⁶)
471 4295 500 4347 in
516 4296 588 4349 verr.
606 4296 636 4362 V,
651 4295 694 4351 tt.

407 4378 452 4447 ar)
470 4381 490 4433 1·
512 4380 532 4433 1·
630 4372 634 4379 '
