3259 5367
399 685 562 750 GGGLVll.
582 686 692 765 lactum
710 703 778 747 esse
796 704 885 768 supra
903 685 1079 761 viderimus,
1100 692 1222 767 spparet
1240 705 1309 747 enm
1329 687 1390 747 trt-

398 786 453 847 bus
473 784 592 845 demum
619 784 702 843 aunis
721 787 805 862 post,
843 801 931 860 quam
949 782 1102 862 Philippus
1122 781 1316 843 Macedonico
1335 801 1389 843 rc-

398 898 486 959 gnum
507 880 722 958 occupavisset,
752 880 849 939 evita
868 879 1041 939 decessisse.
1081 876 1209 938 'famulo
1235 875 1392 937 rl'imothei

398 980 475 1035 teste
501 974 650 1053 Stephano
679 974 820 1053 Byzantio
836 972 888 1051 Π)
912 976 972 1035 hoc
997 974 1178 1053 epigramma
1210 973 1391 1053 insculptum

398 1074 463 1131 estc

477 1163 588 1245 Hcicpc
606 1165 750 1245 Μίλητος
763 1164 861 1229 ’τίκτει
881 1163 1044 1227 Μούσαισι
1061 1161 1216 1226 ποθεινὸν

558 1260 727 1340 Τιμόθεον,
744 1262 880 1343 κιθάρας
899 1258 1001 1337 δεξιον
1019 1258 1159 1341 ἡνίοχον.

398 1354 500 1418 Mores
520 1357 670 1419 Timothei
689 1358 864 1421 Plutarchus
884 1358 992 1439 duplici
1011 1363 1081 1417 nota
1100 1355 1264 1435 adspersit,
1291 1352 1390 1413 offen·

398 1469 449 1511 sus
474 1460 534 1513 tam
559 1453 622 1513 eius
648 1455 785 1528 avaritia,
819 1471 905 1532 quam
931 1452 1066 1514 illiberali
1093 1452 1138 1511 sui
1165 1449 1262 1510 lande.
1301 1448 1388 1524 Quae

399 1546 429 1607 ci
456 1546 691 1627 reprehensionis
722 1567 822 1609 natam
842 1549 988 1611 dederunt
1008 1526 1114 1609 hamt
1130 1548 1225 1607 haece
1283 1542 1389 1604 Thac·

399 1642 488 1703 theus
514 1644 551 1705 ab
569 1642 716 1703 Archelao
742 1664 815 1725 rege
834 1644 866 1705 in
884 1643 1088 1704 Macedoniam
1107 1640 1277 1716 arcessitus,
1297 1656 1389 1718 quum

398 1756 551 1797 munerum
583 1738 828 1817 largitionumque
861 1739 972 1800 audior
998 1745 1100 1812 esset,
1138 1742 1173 1798 ut
1203 1734 1251 1795 rel
1277 1733 1388 1813 regulis

398 1833 427 1893 ei
453 1832 611 1893 liberulitcs
639 1851 698 1894 non
722 1834 892 1910 sufficeret,
920 1832 1128 1913 parcimoniam
1155 1830 1199 1890 illi
1220 1831 1279 1890 boo
1298 1847 1390 1890 rersn

399 1926 516 2005 saepius
545 1928 672 2007 repetito
692 1929 896 2010 exprobravitc
926 1919 968 1991 ob
994 1923 1034 2007 db
1061 1920 1118 1989 cdv
1143 1921 1314 2005 maviron
1332 1924 1388 2003 dp

397 2040 501 2102 γνοον
527 2019 653 2096 αἰνεῖς.”
700 2025 760 2087 Sed
787 2044 842 2085 rex
867 2025 938 2087 salis
966 2025 1065 2085 laceto
1089 2021 1254 2099 impudenti
1273 2021 1387 2081 musico

399 2118 564 2197 respondite
584 2110 625 2181 οὺ
644 2117 678 2182 dt
697 2110 732 2199 γ’
757 2117 920 2195 atrurn).
959 2119 1093 2181 Alterum
1112 2115 1300 2197 opprobrium
1317 2116 1389 2176 hinc

309 2206 311 2211 ’
398 2218 496 2273 ortum
515 2221 580 2288 cst,
606 2218 686 2295 quod
705 2217 878 2279 Timotheus
904 2214 1059 2294 aliquando
1078 2212 1226 2272 victoriam
1245 2230 1329 2273 susm
1347 2210 1388 2271 de

398 2306 549 2386 Pbryuide
567 2310 597 2370 in
616 2311 734 2390 publico
747 2310 907 2373 certamine
917 2311 1098 2388 deportatam
1117 2307 1164 2367 bis
1182 2306 1280 2368 verbis
1299 2324 1384 2385 prac-

398 2402 614 2484 dicaverlt212)
1474 2397 1475 2420 ¹

476 2496 646 2576 Μακάριος
663 2490 767 2580 ἦσθα,
790 2501 935 2579 Τιμόθεε,
955 2497 1006 2564 ὅτι
1024 2494 1124 2577 κάρυξ
1142 2488 1225 2558 εἷκε·

476 2596 549 2673 νικᾷ
573 2594 729 2671 Τιμόθεος
748 2594 767 2657 d
786 2587 945 2677 Μιλήσιος
962 2596 1019 2659 τὸν

435 2714 450 2727 -
477 2687 664 2767 Κάρβωνος,
682 2688 740 2753 τὸν
759 2688 991 2775 ἰωνοκάμπταν.

399 2782 441 2843 Ut
459 2786 560 2863 paucis
580 2787 745 2863 enuntiem,
765 2789 836 2867 quid
856 2790 894 2850 de
913 2788 962 2849 bis
982 2787 1149 2848 criminibus
1169 2785 1305 2855 sentiam,
1324 2783 1388 2861 pri·

398 2897 489 2956 mum,
510 2881 588 2957 quod
604 2880 778 2945 Plutarchus
797 2884 1025 2945 celeberrimum
1045 2883 1228 2944 Graecorum
1245 2877 1387 2939 musicam

399 2976 437 3034 ob
457 2970 600 3053 pecuniae
619 2979 787 3057 cupidinem
807 2976 933 3054 comsit,
951 2985 1034 3040 recte
1053 2996 1161 3039 censeo
1179 2975 1292 3036 factum
1311 2988 1389 3033 ease.

399 3058 460 3129 Sed
485 3074 574 3135 verbs
598 3072 648 3133 illa
674 3074 811 3135 iactantia
838 3092 897 3135 non
924 3075 1027 3136 debuit
1052 3080 1113 3133 tam
1139 3070 1266 3131 moleste
1294 3066 1388 3129 ferre:

400 3162 488 3225 facilc
516 3167 594 3227 enim
623 3173 802 3228 excusantur
821 3188 911 3247 quum
931 3168 968 3229 dx
987 3186 1071 3229 more
1089 3160 1388 3244 antiqnor'umGrae-

400 3278 512 3335 corum,
533 3280 592 3337 quo
606 3262 685 3339 quod
704 3262 743 3322 de
762 3281 797 3323 se
817 3268 848 3323 et
866 3264 905 3323 de
918 3262 1094 3324 adversariis
1107 3276 1281 3341 persuasum
1298 3259 1388 3320 babe-

399 3355 471 3413 bant
488 3355 581 3416 libere
601 3355 822 3433 eloquebantur,
842 3363 905 3419 tum
925 3366 1120 3437 etemporum
1130 3358 1253 3416 istorum
1265 3356 1387 3428 ratione,

401 3466 458 3526 qua
486 3449 645 3510 nobiliores
676 3457 783 3529 poetae
814 3456 846 3512 et
871 3453 978 3514 musici
1005 3472 1072 3514 cnm
1099 3451 1279 3512 asseclarum
1303 3450 1389 3511 turbs

399 3544 508 3605 acriter
528 3545 585 3605 sibi
603 3544 845 3622 adversabantur,
872 3555 905 3609 ct
922 3551 1050 3611 victores
1074 3548 1218 3609 iactantes
1238 3545 1388 3609 victoriam

400 3638 482 3699 victis
502 3640 625 3701 aemulis
645 3659 702 3703 nou
719 3661 845 3722 parcere
864 3642 1066 3723 solebsnt20).

397 3772 595 3785 -ι--ι-ι-

453 3839 463 3872 ¹
564 3872 571 3889 ι

452 3838 498 3991 13
512 3840 582 3977 {lh
602 3925 635 3979 ra
651 3926 712 3980 fars.
729 3926 804 3981 uox.
821 3946 849 3997 p.
865 3926 925 3983 ιιι.

453 4007 496 4075 ¹⁹)
513 4008 546 4059 dc
562 4009 605 4062 sni
620 4010 699 4064 lando
715 4029 742 4080 p.
758 4010 818 4065 589.
836 4030 860 4065 c.
873 4012 900 4065 1.

454 4089 501 4157 ²⁰)
519 4090 555 4147 cl.
571 4093 668 4148 Athon.
684 4095 754 4164 vm,
770 4094 830 4150 852.
848 4094 881 4150 Β.
897 4096 967 4151 Plnt·
985 4094 1018 4147 dc
1033 4107 1100 4145 mna.
1118 4109 1142 4147 e.
1158 4089 1203 4143 21.

799 4280 995 4295 Μ
