3259 5367
703 522 752 596 49

212 667 279 760 vtur
299 697 361 772 ita,
381 702 414 758 ut
433 696 570 758 coaonae
594 714 699 759 manus
725 699 834 761 briaae
859 703 891 760 at
916 698 1031 761 coronis
1050 698 1174 776 myrteis
1193 715 1227 763 aa

230 788 358 853 cinxisse
374 792 524 867 dicantur3
544 793 651 853 deinde
666 791 696 870 8)
718 812 793 871 quae
811 795 923 855 mensis
941 792 1032 855 illatis
1046 793 1153 872 epulae
1170 794 1227 855 im·

229 888 346 968 positae
365 888 423 948 sint
442 886 574 966 singulae
594 896 823 951 enumerantur:
842 906 945 968 magua
963 890 1006 949 ria
1025 888 1151 968 piaclum
1162 908 1227 949 ma-

229 983 405 1055 ritimorum,
427 982 657 1045 delicatissimae
677 985 737 1045 suis
758 990 985 1062 coctaepartes,
1005 1003 1074 1045 caro
1092 987 1178 1045 cocta
1196 990 1229 1045 et
1334 1022 1336 1026 ,

229 1082 307 1138 tosta
325 1079 500 1150 hoedorum,
524 1096 686 1157 agnorum,
706 1078 859 1160 leporum,
880 1079 1044 1159 pullorum,
1064 1080 1227 1158 perdicum,
1249 1144 1251 1152 ,

228 1172 448 1247 columbarum,
475 1174 571 1248 casei,
591 1173 651 1233 mel
671 1194 739 1235 cum
757 1174 833 1235 lacte
853 1193 964 1240 crasso.
1004 1172 1082 1233 Tum
1102 1176 1228 1253 ⁴)quo·

228 1267 315 1329 modo
336 1267 396 1328 cibi
415 1274 447 1328 ct
465 1274 554 1346 potua
575 1267 723 1330 desiderio
743 1270 847 1330 sedato
865 1287 986 1331 mensae
1003 1275 1143 1344 remotae,
1160 1288 1227 1331 ma-

226 1380 281 1423 nus
301 1364 412 1424 iterum
431 1363 537 1437 lautae,
557 1370 694 1425 recentes
705 1382 831 1426 coronae
846 1371 985 1450 sumptae
1003 1365 1063 1424 siut
1081 1370 1225 1429 uamtur.

227 1456 298 1518 Post
321 1457 351 1536 ⁶)
372 1459 535 1519 convivium
556 1461 703 1539 quomodo
723 1460 825 1520 alteris
844 1461 955 1521 mensis
969 1459 1057 1520 illatis
1077 1459 1228 1520 contiuua·

226 1556 290 1614 tum
311 1554 351 1612 sit
371 1553 505 1627 additur,
535 1555 747 1633 laudenturquae
775 1556 918 1634 cupediae
937 1553 1105 1635 appositae:
1132 1557 1229 1615 tostae

225 1635 340 1727 fruges,
359 1649 512 1726 placentae
530 1650 603 1711 varii
623 1653 750 1731 generis,
772 1668 836 1726 ova,
855 1651 1055 1730 amygdalites
1074 1667 1176 1723 nucea,
1196 1655 1229 1710 et

226 1762 304 1821 quae
329 1744 465 1805 cumbis
488 1745 644 1807 coniuncta
669 1745 798 1820 fuerint,
820 1752 926 1826 potua,
948 1748 1100 1822 coranos,
1127 1746 1254 1807 iocoaa‘

226 1838 382 1916 colloquia.
422 1837 501 1900 Tum
524 1840 554 1916 ⁶)
575 1841 790 1921 mataniptrirlis
811 1840 847 1901 iit
865 1841 992 1913 mentio,
1013 1859 1071 1920 qua
1090 1841 1229 1903 cornuae

225 1932 367 1993 delectati
386 1934 451 1992 sint.
490 1934 647 1996 Postremo
666 1934 698 2013 ⁷)
719 1935 836 2013 legitur,
857 1938 1004 2013 quomodo
1022 1936 1123 1997 viuum
1142 1954 1227 2014 egre-
1283 1974 1305 1995 n

225 2028 320 2109 gium,
339 2028 453 2088 nacturi
473 2030 577 2105 simile,
597 2030 727 2093 biberint
746 2031 933 2108 bibendoque
953 2030 1137 2091 indulserint.
1166 2029 1228 2090 lam

224 2127 348 2202 praeter
373 2121 431 2183 hoc
461 2124 599 2185 carminis
628 2128 832 2203 argumentum
853 2124 996 2185 disiectus
1016 2142 1150 2203 quoque,
1170 2141 1228 2201 qua

225 2218 368 2296 scriptum
389 2224 455 2293 est‚.
471 2218 554 2278 donia
575 2225 607 2279 et
625 2225 752 2278 metrum
772 2237 790 2278 e
809 2219 952 2288 tumetrir
971 2218 1127 2297 dactylicis
1147 2236 1228 2279 com·

225 2314 357 2391 positum
377 2315 514 2391 cognosci
534 2314 615 2389 licet,
637 2313 770 2392 quamvis
785 2314 898 2393 singula
915 2312 1008 2373 multa
1032 2312 1079 2372 vel
1102 2314 1229 2373 obscura
1258 2301 1260 2307 Α

225 2407 275 2468 vel
295 2413 354 2467 tam
374 2408 531 2488 depravata
552 2410 620 2485 sint,
642 2415 675 2469 ut
694 2408 828 2487 plerique
847 2409 885 2469 de
904 2409 942 2468 iis
964 2407 1100 2468 sanandis
1120 2407 1227 2486 despa-

224 2503 356 2565 raverint
376 2510 407 2564 et
426 2524 464 2565 ne
483 2505 603 2583 Rerglii
623 2503 744 2583 quidem
762 2522 895 2578 acumen,
916 2505 964 2564 cui
983 2501 1108 2582 plurima
1129 2520 1228 2562 cesse·

224 2604 305 2672 runt,
326 2600 466 2678 expedire
483 2600 727 2679 potueritomuia.
768 2600 813 2659 lle
832 2600 933 2659 indole
947 2597 1084 2658 carminis
1101 2598 1128 2656 si
1138 2615 1228 2674 quaa·

225 2695 337 2768 rimus,
366 2700 459 2755 artem
488 2696 605 2773 quidem
623 2693 788 2763 invenimus
816 2694 960 2771 quandam
980 2692 1141 2759 multorum
1160 2710 1228 2752 ver-

224 2792 331 2852 borum
350 2794 585 2850 enumeratorum
604 2791 798 2866 versibusque
812 2790 1044 2861 coniunctorum,
1064 2786 1117 2847 sed
1137 2778 1228 2865 quum

226 2886 259 2946 iu
279 2886 444 2959 nominibus
465 2885 597 2943 ciborum
616 2901 711 2961 paene
730 2888 826 2941 toturn
844 2888 1019 2959 occupatum
1038 2882 1088 2955 sit,
1110 2888 1228 2960 atquae

225 2987 383 3063 praeterea
402 2979 538 3054 leguntur
555 2976 643 3055 piane
663 2977 762 3035 ieiuna
782 2976 842 3033 sint
860 2993 896 3032 aa
913 2974 1060 3050 languida,
1085 2993 1229 3052 nusquam

226 3078 373 3155 apparent
393 3071 516 3132 facetiae
533 3076 564 3129 et
580 3071 697 3130 omnino
707 3068 863 3147 ingenium,
885 3084 944 3145 quo
959 3072 1065 3145 poetae
1076 3068 1124 3126 vei
1143 3069 1229 3129 tritas

227 3177 261 3232 et
280 3169 408 3231 humiles
429 3185 477 3228 rea
498 3166 539 3225 ita
559 3165 765 3225 commendare
789 3162 895 3233 solent,
915 3168 1011 3221 utnos
1030 3167 1168 3220 moveant
1183 3169 1227 3221 at—

229 3286 288 3346 que
308 3265 467 3325 oblectent.
498 3261 581 3336 Quae
597 3280 687 3339 quum
701 3260 742 3319 ita
758 3258 826 3329 sint,
848 3260 987 3317 miramur
1000 3256 1078 3334 quocl
1088 3255 1226 3317 Philoxe-

227 3380 296 3436 nus,
315 3366 404 3439 poeta
423 3356 589 3435 ingeniosus
609 3355 785 3431 facetiisque
805 3353 921 3433 plenus,
940 3352 999 3411 tale
1012 3370 1131 3412 carmen
1144 3350 1227 3413 fece-

227 3458 282 3531 rit,
301 3462 333 3516 at
352 3453 584 3531 ammonuimus,
604 3451 710 3528 quibus
730 3451 769 3510 ale
783 3451 880 3510 causis
893 3448 944 3507 bic
955 3446 1143 3525 potissimum
1163 3448 1227 3507 eiua

231 3530 359 3630 scriptor
370 3550 502 3609 dicatur.
543 3534 852 3624 circumspicientibus
871 3550 969 3605 autem
989 3542 1074 3603 nobis
1086 3541 1227 3615 omnium,

230 3648 284 3729 qui
302 3643 498 3707 Philoxenum
518 3646 768 3717 commemorant,
795 3655 870 3701 unas
890 3638 1060 3701 Athenaeus
1086 3636 1227 3708 occurrit,

232 3744 284 3823 qui
303 3759 420 3801 carmen
439 3738 513 3799 illud
534 3739 561 3798 ai
581 3737 708 3811 tribuat,
734 3742 765 3796 et
791 3736 833 3794 itu
862 3734 999 3812 qnidam,
1020 3736 1054 3791 ut
1082 3747 1140 3808 quo
1160 3731 1226 3790 loco

283 3985 542 4057 omnmr.
645 4026 656 4049 ,

270 4068 589 4141 emamug

286 4152 566 4226 amoma

177 4246 182 4255 ·
286 4237 547 4309 quamn

286 4320 548 4391 quamn
