3259 5367
863 564 913 635 24

468 738 601 818 lienique
609 736 862 818 hueoapluribua‚
877 738 933 802 red
944 736 1380 818 copiosissimcabioioro1⁶j

387 840 593 897 nomnen:
613 834 810 910 Philoxenum
831 834 1044 897 celeberrimus
1057 834 1385 917 ottuyrambognpnou
1478 913 1479 918 γ

388 948 479 1009 quum
498 931 528 991 in
548 930 676 990 convivio
695 930 797 1009 inepta
807 928 937 1009 Dionysii
956 936 1095 1009 poemata
1106 935 1158 997 ¹⁷)
1176 932 1383 1011 recitarentur,

388 1024 458 1101 quid
485 1026 524 1087 de
542 1026 579 1085 lio
605 1025 758 1099 iudicaret,
785 1019 992 1105 interrogatur
1008 1030 1065 1085 eat.
1118 1026 1165 1085 Ad
1190 1027 1272 1105 quod
1297 1047 1384 1105 quum

387 1116 510 1180 liberius
529 1120 676 1198 aliquanto
695 1120 892 1200 responderet
903 1118 961 1196 1⁸),
981 1126 1124 1198 tyrannus
1144 1122 1188 1181 ira
1202 1124 1342 1182 incensos
1355 1129 1386 1186 et

388 1232 443 1291 per
462 1215 600 1283 invidiam
618 1235 661 1277 ae
687 1217 900 1293 reprehensum
928 1216 1084 1275 arbitratus
1112 1234 1181 1277 eum
1202 1218 1231 1277 iu
1250 1217 1385 1297 lapicidi-

388 1327 442 1369 nas
462 1310 560 1371 mittit.
601 1310 661 1373 {etl
681 1311 739 1369 lam
760 1311 918 1389 postridie,
939 1310 1041 1370 amicis
1060 1312 1245 1389 petentibus,
1265 1315 1385 1371 revocat
1478 1347 1479 1378 2

387 1411 506 1481 poetam
526 1405 614 1467 etad
634 1406 795 1465 convivium
815 1407 940 1485 benigue
960 1404 1076 1484 exeipit.
1116 1406 1186 1480 Ubi,
1206 1425 1295 1483 quum
1315 1426 1384 1484 pro-
1478 1383 1479 1412 ³

278 1538 285 1545 -
387 1496 474 1560 liuius
495 1501 705 1577 computationi
725 1501 937 1581 indulgeretur,
956 1500 1115 1579 Dionysius
1135 1502 1243 1563 iterum
1259 1502 1384 1563 carmina

388 1609 443 1654 aua
472 1612 650 1672 magnopere
677 1596 794 1655 extollit
820 1602 851 1656 et
878 1596 1010 1656 recitatis
1037 1596 1209 1672 quibusdam
1242 1595 1384 1670 versibus,

390 1684 496 1765 quibua
524 1707 632 1767 operae
658 1690 716 1749 sibi
743 1692 873 1769 pretium
902 1689 1013 1764 fecisse
1032 1688 1205 1763 ridebatur,
1244 1689 1316 1767 quid
1345 1691 1383 1751 de

389 1780 436 1841 hir
462 1783 521 1843 iam
547 1786 667 1861 sentiat,
696 1806 713 1845 a
741 1785 902 1846 Philoxeno
929 1784 1066 1862 exquirit
1114 1787 1155 1845 At
1168 1790 1267 1863 poen
1293 1784 1323 1843 ei
1347 1803 1385 1845 ne

388 1876 480 1935 uerbo
501 1878 617 1954 quidem
638 1880 815 1958 respondet,
836 1880 889 1939 aed
909 1879 1078 1956 ratillitibua
1099 1880 1163 1937 eiua
1182 1880 1332 1939 advocatis
1350 1898 1384 1941 ae

388 1968 426 2027 ad
452 1970 607 2033 lautumias
642 1974 748 2035 abduci
775 1977 867 2035 iubet
918 1971 978 2033 lam
1003 1978 1143 2051 tyrannus
1170 1973 1246 2033 hanc
1264 1974 1384 2035 liberta·

266 2092 268 2099 ·
388 2068 470 2135 tem,
501 2068 584 2129 cuius
611 2069 742 2149 leporem
763 2090 822 2131 uon
841 2071 937 2150 potuit
955 2086 1014 2128 uon
1031 2070 1092 2129 risu
1113 2067 1264 2145 excipere,
1290 2088 1384 2147 aequo

390 2158 487 2232 opimo
507 2163 583 2225 tulit.
625 2165 684 2225 Sed
704 2173 783 2227 tanta
803 2167 966 2253 carminum
986 2182 1107 2223 suorum
1127 2162 1318 2221 admiratione
1334 2180 1383 2221 ca·

389 2258 459 2331 ptus
479 2264 560 2331 crat,
581 2265 615 2320 ut
634 2262 811 2321 iustissimas
831 2262 961 2319 omnium
981 2258 1085 2317 laudes
1104 2257 1141 2317 iis
1161 2257 1263 2317 deberi
1282 2256 1384 2335 opina-

387 2356 496 2415 retur.r
520 2352 621 2430 ltaque
645 2356 733 2432 poulo
763 2360 830 2430 post
849 2352 959 2429 aliquot
978 2370 1091 2423 versus,
1113 2370 1186 2430 quos
1202 2352 1384 2412 miserabiles

390 2442 516 2503 affectus
546 2448 664 2522 egregie
691 2447 857 2526 exprimere
882 2453 981 2524 putat,
1012 2446 1042 2505 iu
1070 2446 1203 2505 medinm
1221 2447 1336 2525 profert
1354 2455 1386 2509 et

390 2536 480 2599 tertio
500 2537 690 2599 Philoxenum
712 2548 814 2617 urget,
843 2548 886 2615 ut,
907 2542 1008 2619 quales
1027 2540 1060 2598 hi
1078 2542 1199 2601 taudem
1219 2544 1248 2601 ei
1266 2542 1385 2604 videan-

389 2632 614 2705 tur‚'enuntiet.
662 2633 739 2693 Tum
765 2636 884 2713 quidem
903 2638 954 2695 ille
980 2637 1023 2694 ita
1040 2636 1209 2714 respoudit,
1240 2644 1274 2696 ut
1293 2655 1386 2715 acque
1478 2649 1479 2690 ξ

277 2732 281 2743 “
389 2726 505 2801 tyranni
523 2728 755 2804 benevolentiam
766 2732 1067 2809 approbationemque
1085 2750 1120 2791 ac
1138 2730 1292 2791 veritatem
1311 2750 1406 2801 eou-,
1478 2781 1479 2806 p

390 2828 539 2893 servarem
569 2841 635 2881 nam
663 2844 752 2902 quum
783 2825 967 2885 miserabiles
996 2815 1170 2903 (οἰκτροὺς)
1190 2844 1291 2890 remus
1311 2826 1386 2886 istos
1478 2897 1479 2916 χ

383 2915 570 2991 nominaret,
599 2936 653 2994 per
679 2920 898 2995 ambiguitatem
912 2924 963 2990 1⁹)
989 2921 1077 2982 huius
1105 2919 1238 2981 vocabuli
1254 2921 1284 2979 id
1303 2938 1388 2979 asse-

391 3016 564 3086 cutus-est,
593 3019 628 3072 ut
643 3013 801 3090 Dionysius
829 3032 933 3073 versus
954 3034 1024 3075 snos
1044 3017 1089 3076 sic
1107 3021 1265 3095 propterea
1283 3015 1387 3094 appel·
1478 3057 1479 3060 κ

390 3103 465 3165 latos
485 3125 553 3170 esse
571 3113 707 3185 putaret,
728 3108 806 3184 quod
827 3107 1090 3167 commiserationis
1109 3109 1218 3169 affeetu
1236 3111 1318 3189 pleni
1337 3127 1387 3219 es·

437 3368 470 3403 ¹1⁶
514 3405 520 3417 ‚
551 3405 558 3420 ‚

342 3422 344 3429 ,
441 3370 486 3520 ΗΞ
502 3371 645 3521 ilidnysius
675 3454 797 3522 inprimis
824 3452 971 3524 magoediia
992 3450 1139 3504 scribendis
1165 3468 1277 3519 operam
1305 3454 1389 3519 dedit,

388 3552 457 3605 quae
479 3542 568 3591 tamen
593 3539 724 3589 communi
741 3555 870 3591 consensu
887 3538 1019 3597 omnium,
1045 3538 1090 3603 qui
1113 3553 1204 3590 earum
1227 3537 1391 3589 montionem

297 3646 299 3655 ·
389 3622 505 3687 faciunt,
529 3622 625 3675 nullius
642 3622 719 3690 pretii
735 3622 855 3686 fuerunt,
876 3622 923 3672 sed
944 3620 1068 3688 turgidae
1085 3636 1117 3671 uc
1134 3622 1290 3673 monstroaia
1306 3636 1392 3673 roca-

388 3706 460 3758 bulis
484 3713 623 3759 oueratne.¹
641 3724 668 3759 v.
689 3706 796 3759 Hellad.
821 3722 865 3771 op.
888 3705 965 3756 Phot.
990 3722 1016 3770 p.
1037 3703 1113 3755 lbet.
1152 3704 1262 3757 Lueian.
1285 3707 1392 3757 deuon

389 3792 462 3843 cred.
488 3794 538 3843 cal.
567 3808 589 3841 c.
613 3788 654 3841 14.
673 3791 734 3845 adv.
751 3788 849 3840 indoct.
874 3787 916 3839 15.
939 3788 1073 3841 Ammian.
1097 3790 1183 3841 lllauc.
1200 3790 1254 3853 xv,
1278 3787 1305 3840 h.
1331 3788 1391 3840 cic.

387 3876 481 3927 tuscul.
500 3875 568 3942 disp.
585 3875 616 3938 V,
633 3873 674 3925 22.
693 3874 728 3925 of.
743 3872 903 3939 wesseling.
921 3872 956 3923 ad
973 3872 1051 3924 lliod.
1068 3873 1122 3922 rol.
1139 3871 1173 3924 ll.
1190 3889 1225 3938 p..
1235 3870 1262 3921 i.

440 3974 484 4043 18)
499 3965 571 4028 Plut.
594 3976 626 4026 de
648 3974 709 4026 fort.
733 3975 808 4025 Alex.
831 3990 858 4038 p.
881 3970 940 4023 tal.
966 3971 1050 4023 refert
1075 3971 1250 4022 Philoxenum
1277 3972 1392 4036 unguo-

387 4057 459 4111 diam
476 4058 596 4126 Dionysii
612 4058 647 4108 od
668 4056 857 4109 recensendum
881 4062 1019 4122 acceptam
1036 4055 1117 4107 litura
1136 4043 1223 4105 ‘totam
1246 4052 1391 4105 delevisse.

388 4142 423 4194 of.
447 4142 568 4200 Cicerou.
595 4158 637 4208 ep·
660 4142 694 4193 ad
715 4140 792 4192 Attio.
809 4140 858 4207 Ill,
874 4139 900 4191 6.
932 4140 970 4191 lo.
993 4140 1106 4191 Taetzea
1129 4136 1192 4187 ouh.
1214 4135 1254 4202 V,
1288 4134 1331 4187 tt.
1354 4136 1391 4200 X,

386 4225 445 4278 358.
485 4224 606 4281 Eustuth.
631 4224 666 4277 ad
689 4227 769 4277 llom.
790 4224 841 4277 oo.
858 4241 885 4291 p.
903 4221 985 4288 1691,
1001 4222 1044 4274 31.
1066 4222 1107 4274 ad.
1123 4220 1204 4271 Rom.
1223 4219 1298 4273 Stob.
1314 4218 1393 4273 flori-

387 4312 441 4381 leg.
458 4310 501 4373 13,
517 4309 560 4361 16.
576 4326 603 4376 p.
620 4306 680 4360 322.
698 4307 832 4363 Gaialord·
848 4307 945 4364 sotum
963 4301 1053 4375 ἄπαγέ
1068 4322 1109 4376 pa.
1130 4304 1170 4367 ele
1185 4304 1326 4374 turoniae.

356 4448 358 4455 ,
438 4394 485 4462 1⁹)
502 4392 537 4447 cf.
556 4393 678 4449 nuncu.
694 4393 714 4447 1.
732 4394 752 4447 l.
1224 4390 1228 4402 ¹
