3259 5367
867 512 917 598 58

400 686 609 767 Plrilopolidis,
638 704 759 765 quorum
781 688 860 765 quod
880 688 1065 767 potissimum
1085 688 1114 747 ei
1132 686 1314 771 tribuendun
1334 688 1386 761 sit,

398 786 463 863 ipse
481 784 610 847 haereat.
650 782 710 843 lam
729 800 800 843 vero
820 783 897 862 quod
914 782 1102 843 Timotheum
1120 770 1387 848 narrat'lllexandri

399 877 500 955 Mapri
532 879 659 937 animum
693 876 784 937 tibiae
812 878 879 938 lusu
903 879 1077 940 mirabiliter
1102 877 1255 950 affecisse,
1282 879 1387 954 quivis,

399 970 486 1029 modo
512 968 628 1049 tempus
649 972 829 1050 respexerit,
858 974 941 1033 videt
959 993 1015 1032 non
1036 974 1073 1032 ud
1092 971 1282 1033 Timotheum
1300 972 1386 1033 llile-

400 1066 477 1125 sium
496 1068 658 1143 quadrare,
686 1065 738 1126 red
758 1068 795 1125 ad
815 1086 882 1127 eum
903 1068 1092 1127 referendum
1112 1060 1306 1145 esse,'quem
1324 1068 1386 1128 Lu-

399 1162 500 1221 cienus
519 1162 548 1240 ⁶)
576 1162 648 1223 dicit
666 1160 777 1222 Thebis
809 1171 904 1221 ortum
932 1170 963 1223 et
989 1182 1076 1241 quem
1102 1162 1227 1223 tibicinis
1256 1181 1388 1242 magram

399 1256 524 1332 gloriam
540 1266 655 1317 neotum
671 1262 758 1333 atque
770 1256 969 1318 Alexandrum
980 1257 1120 1336 Magnum
1136 1258 1305 1317 comitatum
1323 1278 1388 1319 esse

400 1350 486 1431 alii⁶)
506 1355 660 1412 testantur.
680 1346 754 1410 lllud
765 1356 864 1411 tumen
877 1352 983 1412 Suidas
1003 1359 1086 1413 reate
1100 1352 1183 1424 feeit,
1202 1351 1280 1428 quod
1292 1354 1388 1413 Athe-

398 1447 528 1506 niensem
546 1446 752 1517 Timotheum,
773 1446 887 1508 mediae
907 1448 1077 1508 comoediae
1096 1456 1230 1525 paetum,
1250 1467 1267 1505 a
1288 1448 1386 1525 dithy-

398 1542 527 1601 rambieo
547 1548 647 1600 nostro
667 1540 808 1601 distinxit.

477 1633 593 1695 Patrem
620 1638 726 1713 poetae
751 1654 841 1713 quum
861 1636 1025 1696 Alexander
1043 1636 1209 1709 Aetolus⁷)
1235 1635 1387 1697 Thersan-

398 1731 482 1789 dmm
502 1730 647 1799 nominet,
677 1730 735 1790 hoo
756 1731 782 1789 ei
801 1749 925 1803 nomen,
958 1733 1037 1809 quod
1059 1732 1145 1792 etiam
1166 1731 1272 1790 Suidas
1291 1732 1389 1809 primo

398 1826 464 1884 loeo
484 1825 596 1902 posuit,
626 1824 822 1899 vindicantes,
852 1827 970 1903 reliquis
990 1827 1054 1885 istis
1073 1826 1195 1885 aliorum
1215 1824 1389 1885 Timotheo-

398 1938 463 1979 rum
484 1926 583 1997 patres
610 1936 681 1978 usos
707 1938 774 1980 esse
799 1928 944 2000 putamus.
982 1921 1044 1980 lam
1069 1939 1137 1981 vero
1155 1921 1220 1999 ipsa
1239 1920 1390 1984 Timothei
1464 1933 1465 1940 ’

397 2016 455 2073 vita
481 2015 609 2075 tenebris
629 2014 715 2074 valde
734 2021 781 2075 est
800 2016 923 2089 obruta,
946 2034 1001 2077 neo
1021 2017 1077 2075 nisi
1095 2015 1171 2075 haee
1190 2034 1285 2092 pouea
1304 2016 1389 2076 nobis

397 2109 435 2169 de
455 2128 490 2169 ea
509 2128 628 2171 narrare
647 2110 728 2171 lieet.
769 2111 874 2196 Simili,
894 2131 950 2188 qna
968 2112 1148 2171 Philoxenus
1158 2111 1206 2184 ⁸),
1232 2129 1306 2172 usus
1325 2111 1388 2170 ior·

397 2211 466 2265 tuna
485 2206 620 2267 servituti
639 2206 793 2285 aliqnando
813 2207 955 2266 obnoxius
970 2206 1038 2280 fuit,
1059 2207 1085 2265 si
1104 2205 1223 2283 quidem
1233 2206 1292 2266 hoe
1305 2211 1389 2267 rente
1464 2255 1465 2288 3

397 2319 435 2361 ex
455 2319 491 2360 eo
512 2301 676 2379 colligitur,
696 2300 774 2382 quod
794 2321 811 2359 a
831 2300 1009 2361 Pherecrate
1020 2299 1048 2378 ⁹)
1069 2302 1182 2360 nomino
1201 2307 1322 2361 notatus
1342 2308 1390 2361 est
1464 2305 1465 2340 l

397 2394 554 2473 Μιλήσιός
579 2416 626 2467 τις
651 2392 806 2473 Πυῤῥίας.
847 2396 907 2457 Sed
935 2398 962 2455 si
981 2412 1109 2472 unquam
1127 2394 1305 2455 Timotheus
1323 2415 1388 2456 ser·

397 2490 519 2549 vitutem
538 2490 648 2564 serviit,
668 2480 903 2568 praeclara'elus
921 2493 994 2551 artis
1013 2491 1143 2551 musione
1163 2497 1195 2551 et
1214 2490 1311 2567 poesis
1331 2510 1384 2550 co·
1464 2497 1465 2502 ’

396 2583 501 2645 lendae
518 2584 753 2645 indolesnullum
772 2583 840 2644 inde
854 2586 1062 2647 detrimentum
1082 2587 1206 2663 cepisse,
1225 2586 1289 2659 sed,
1311 2587 1389 2664 quod

397 2680 521 2738 vidimus
534 2677 860 2751 Philoxenoaeeidisse,
880 2678 927 2738 vel
946 2680 1048 2739 ediuta
1067 2699 1135 2741 esse
1153 2680 1275 2741 videtur.
1312 2680 1388 2741 Nam
1464 2717 1465 2724 ι

397 2773 491 2854 patria
516 2773 619 2833 relicta
645 2772 779 2833 iuvenem
806 2781 925 2836 narrant
943 2774 1067 2857 Athenis
1095 2777 1258 2854 prodiisse,
1288 2781 1320 2836 et
1338 2796 1388 2837 ra-
1464 2811 1465 2862 }

398 2871 478 2929 tione
496 2869 584 2947 plane
603 2886 678 2927 nova
698 2869 842 2948 valdeque
861 2870 1020 2930 artificiosa
1039 2872 1182 2931 citharam
1202 2871 1325 2945 lusisse,
1352 2876 1388 2931 ut

398 2964 445 3024 vel
463 2964 528 3044 ipra
546 2983 594 3023 ιιι
615 2964 810 3027 multitudinis
831 2964 949 3025 sibilum
967 2966 996 3024 ei
1012 2966 1195 3042 excitaverit,
1213 2964 1388 3045 Euripidem
1464 2977 1465 2984 ’

396 3066 495 3121 autem
514 3060 656 3135 mouerit,
675 3070 709 3122 ut
729 3062 884 3139 explosum
903 3061 1008 3120 solatio
1031 3062 1173 3138 erigeret,
1200 3062 1284 3123 brevi
1302 3062 1387 3122 tlrea-

397 3159 441 3217 tra
470 3158 498 3217 in
528 3157 591 3216 eius
611 3153 750 3215 ditionem
770 3158 887 3215 redacta
909 3154 974 3215 fore
987 3156 1046 3231 ¹⁰).
1086 3155 1167 3215 lluio
1186 3158 1295 3219 deinde
1314 3156 1386 3218 vati-
1464 3211 1465 3234 ι

398 3252 474 3310 oinio
500 3250 652 3327 respondit
676 3256 807 3311 eventus.
856 3249 915 3309 Sed
943 3262 1097 3327 antequam
1126 3251 1308 3318 Timotheus,
1328 3272 1387 3312 mu·
1464 3323 1465 3326 Ἴ

396 3362 482 3422 gisam
506 3343 588 3403 illam
618 3363 653 3405 ao
680 3363 773 3421 paene
801 3362 986 3405 communem
1005 3346 1170 3423 aequalium
1189 3348 1321 3409 omnium
1339 3365 1389 3424 ap·

465 3574 493 3645 ⁵)
509 3580 640 3631 Harmon.
657 3569 699 3630 1'o.
717 3578 778 3645 Bip.
795 3580 850 3631 vol.
867 3578 909 3630 lv.
926 3596 953 3647 ι.
971 3578 1029 3631 137.
1464 3645 1465 3652 ἵ

465 3662 493 3729 ⁶)
508 3662 613 3716 Himer.
630 3678 674 3731 ap.
691 3664 770 3717 Phot.
788 3679 815 3730 p.
833 3662 909 3714 1122.
926 3661 1002 3715 113⁰.
1025 3662 1077 3715 Dio
1094 3665 1189 3732 chrys.
1208 3679 1246 3715 or.
1266 3663 1287 3714 Ι.
1305 3661 1391 3729 Quin-

336 3744 338 3747 ⁴
398 3748 452 3801 ctil.
475 3747 535 3801 inst.
559 3763 597 3800 or.
614 3746 639 3813 2,
655 3747 681 3810 e,
697 3747 723 3799 3.
745 3747 779 3799 of.
795 3746 871 3800 Snid.
896 3763 918 3797 s.
937 3764 964 3800 v.
986 3743 1163 3818 Ἀλέξανδρος.
1185 3743 1391 3817 ὄιθιασμιὶιιιν.

396 3831 491 3885 Athen.
508 3832 568 3884 xn.
584 3849 610 3899 p.
626 3830 685 3883 338.
702 3832 733 3883 F.
751 3831 825 3897 Xlll,
842 3830 901 3889 565,
917 3831 948 3883 A.

467 3916 494 3983 7)
511 3930 554 3982 ap.
571 3916 693 3969 Macron.
711 3914 818 3968 Satura.
838 3916 866 3982 V,
882 3912 925 3966 22.
996 3960 999 3966 ,

465 4000 494 4066 ⁸)
510 4016 537 4051 v.
555 4015 635 4067 supro
652 4018 678 4067 p.
696 3998 738 4051 22.

379 4082 382 4093 ’
467 4082 642 4149 ⁹)sap.1’lnt.
661 4084 694 4135 de
715 4098 780 4135 mus.
798 4085 818 4137 Ι.
835 4083 855 4136 l.
876 4083 954 4150 Quod
976 4082 1024 4135 hio
1038 4079 1225 4149 proposuimus
1240 4079 1332 4133 nititur
1347 4079 1392 4131 luis

396 4166 495 4221 Suidae
510 4164 618 4218 verbisa
636 4165 784 4237 Πιῤῥίαις·
808 4164 933 4229 on'loac.
944 4162 1054 4235 ”Oropo
1068 4163 1121 4237 quiq
1139 4159 1242 4219 dorileu
1260 4163 1391 4236 iladdlue.

398 4268 425 4317 p.
441 4248 509 4302 aluo
526 4250 569 4301 od.
587 4248 721 4303 Gaisiord

451 4332 493 4402 ¹⁰)
510 4332 579 4386 Plnt.
597 4350 630 4387 an
647 4334 681 4387 sit
697 4335 755 4387 rani
772 4350 830 4403 ger.
849 4352 919 4403 resp.
938 4354 961 4387 c.
978 4333 1022 4389 Β.
1039 4350 1066 4399 p·
1084 4331 1143 4387 tan.
1161 4332 1194 4383 1).
