3259 5367
737 597 786 667 lt

265 773 350 834 miris
368 770 540 833 flexionibus
559 774 678 831 cantum
697 770 904 832 mollissimum
924 768 1063 845 edentes,
1088 785 1166 829 nunc
1184 769 1260 829 mul·

266 874 365 931 torum
398 868 659 928 instrumentorum
694 868 820 946 strepitu
845 870 1039 943 tempestates
1069 865 1261 943 depingentes

267 971 300 1026 et
318 965 375 1024 alia
393 964 580 1040 huiusmodi,
600 982 618 1022 a
639 963 746 1041 quibus
765 962 879 1023 musica
899 980 988 1039 qnam
1007 960 1134 1021 maxime
1153 960 1261 1022 abbor-

265 1066 321 1122 ret.
362 1059 454 1135 Quin,
481 1078 557 1137 quoe
576 1060 692 1118 omuino
711 1059 783 1118 artis
805 1057 940 1135 dignitati
959 1064 1141 1134 repugnant,
1158 1056 1206 1117 uel
1226 1074 1262 1117 es
1321 1127 1323 1134 Ι

267 1156 444 1216 carminibus
465 1152 720 1232 celebrarunt‘l).
760 1152 848 1212 Hunc
868 1152 940 1213 artis
960 1158 1070 1230 statum
1088 1172 1146 1213 uon
1165 1151 1262 1212 solum
1327 1200 1331 1204 .

267 1258 376 1329 poetae
403 1249 569 1323 comici⁶⁵)
597 1245 825 1327 carpunt‚''sed
853 1249 940 1307 etiam
960 1247 1098 1321 Plato⁶⁶)
1119 1247 1262 1325 queritur,

266 1346 361 1423 quod,
389 1363 479 1423 quum
506 1351 589 1404 antea
612 1344 822 1405 eruditissimis
840 1342 912 1403 viris
938 1342 1079 1402 iudicium
1099 1343 1138 1402 de
1157 1342 1264 1402 carmi-

265 1443 351 1501 nibus
371 1440 401 1499 ln
421 1440 539 1499 theatro
561 1438 648 1499 editis
663 1440 798 1501 relietum
820 1446 911 1511 esset,
930 1439 990 1497 iam
1011 1438 1167 1517 imperitae
1186 1437 1263 1499 mul-

267 1534 400 1595 titudinis
421 1532 540 1611 plausus
560 1535 690 1612 praemla
706 1536 824 1610 tribunt,
844 1539 875 1595 et
895 1534 973 1612 quod
993 1543 1101 1611 poetae
1121 1532 1266 1611 ingeniosi

268 1628 404 1706 quidem,
432 1628 485 1687 sed
506 1646 592 1688 verae
611 1630 682 1689 ortis
701 1630 795 1709 ignari
814 1650 850 1690 ac
868 1630 972 1690 furore
990 1629 1131 1690 bacchico
1150 1627 1266 1707 abrepti

268 1724 334 1785 eiua
356 1723 484 1783 urbitrio
502 1722 589 1801 plane
611 1712 826 1799 obnoxiant,
848 1726 922 1785 adeo
941 1729 992 1798 ut,
1013 1723 1147 1785 omuibus
1165 1723 1266 1802 poesin

266 1817 423 1899 generibus
452 1820 576 1878 turbatis
596 1824 628 1879 et
646 1819 760 1899 legibus
780 1822 907 1899 antiquis
926 1818 1086 1898 neglectis,
1119 1818 1214 1879 solum
1233 1815 1266 1877 id

266 1918 421 1993 spectent,
453 1914 533 1989 quod
560 1914 639 1993 vulgi
671 1917 814 1994 voluptati
841 1916 990 1975 inserviat
1044 1916 1183 1974 Attamen
1215 1932 1266 1973 ca·

267 2009 395 2069 seudum
414 2012 478 2079 est,
498 2026 535 2067 ne
554 2008 798 2070 inconsideratius
819 2029 938 2089 agamus
958 2015 1048 2088 etque
1065 2009 1142 2088 ipsis
1159 2013 1266 2087 poeta-

265 2120 332 2163 rum
353 2100 493 2181 opcribus
519 2102 645 2179 perditis
672 2104 761 2163 nimis
781 2107 938 2165 credamus
965 2105 1022 2177 iis,
1053 2102 1266 2182 quos‘scimus

266 2196 454 2275 antiquitatis
468 2196 666 2257 studiosiores
685 2196 790 2259 inisse.
831 2199 907 2259 Nam
919 2205 1040 2278 practer
1058 2199 1151 2258 multa
1170 2198 1267 2269 minus

267 2293 416 2372 probanda
437 2292 526 2352 etiam
547 2293 665 2370 egregia
685 2294 829 2370 quaedam
849 2313 902 2353 eos
921 2294 1048 2366 iecisse,
1066 2294 1097 2351 in
1117 2294 1268 2370 fragmen·
1332 2282 1340 2292 ⁸

267 2389 308 2449 tis
332 2406 393 2447 non
419 2406 513 2465 pauca
534 2396 619 2459 sunt,
650 2405 726 2466 quiae
751 2390 887 2469 probent.
936 2388 1051 2467 Summi
1077 2395 1176 2448 autem
1203 2404 1268 2446 mo-

267 2484 360 2544 menti
379 2490 435 2553 est,
456 2482 534 2561 quod
555 2483 731 2545 Aristoteles
750 2486 869 2563 saepius
888 2503 940 2544 eos
960 2490 1100 2543 nontam
1120 2483 1269 2563 vitupera·

265 2578 367 2650 tionis,
387 2596 473 2658 quam
489 2579 582 2639 laudis
598 2598 685 2640 causa
703 2581 836 2641 nominat
854 2583 887 2640 et
895 2580 1055 2639 Timotheo
1071 2578 1190 2657 quidem
1206 2578 1268 2656 ple-

267 2692 390 2751 ramque
417 2675 611 2753 melopoeinm
641 2675 743 2736 deberi
763 2678 994 2755 praedieat⁶⁷),
1026 2674 1105 2752 quod
1124 2672 1269 2751 Antipha·

267 2770 380 2847 nes⁶⁸)
409 2770 601 2831 Philoxenum
630 2777 755 2850 propter
785 2772 901 2849 poesim
926 2778 958 2830 et
985 2771 1129 2829 musicam
1155 2769 1269 2846 optimc

268 2866 415 2946 excultam
441 2866 528 2925 deum
557 2871 644 2923 vocat
668 2867 746 2925 inter
773 2867 929 2939 homiues,
961 2865 1041 2944 quod
1061 2861 1267 2942 Harpalus⁶⁹l

266 2959 421 3020 Philoxeni
437 2967 469 3019 et
486 2959 617 3019 Telestis
633 2958 837 3035 dithyrambos
856 2962 960 3035 dignos
979 2959 1093 3029 babuit,
1113 2976 1189 3035 quos
1208 2975 1269 3017 ιιιιι

267 3074 334 3115 cum
356 3054 478 3130 optimis
504 3050 666 3128 tragoediis
687 3052 853 3109 Alexandro
873 3070 978 3128 magno
997 3052 1028 3109 in
1047 3051 1147 3111 Asiam
1166 3054 1268 3113 mitte·

267 3156 327 3211 ret.
368 3148 429 3209 Sed
450 3147 508 3207 iam
529 3147 569 3206 de
588 3145 770 3224 singulorum
790 3152 822 3206 et
840 3145 900 3206 rita
920 3154 953 3208 et
971 3150 1036 3206 arte
1054 3144 1217 3209 uideamus.
1311 3143 1314 3147 ’

271 3280 471 3297 -u——n

321 3349 365 3416 ⁶⁴)
383 3344 425 3401 Ex
446 3348 499 3399 hoc
518 3362 616 3415 genera
637 3351 685 3413 eat,
705 3348 775 3414 quod
789 3347 950 3401 Timotheus
964 3346 1102 3413 Semelam
1119 3347 1269 3416 putu-10„-

268 3438 323 3489 tam
335 3432 458 3501 produxit
471 3445 583 3496 eamque
594 3431 746 3497 turpissime
760 3432 902 3485 eiulantem
912 3432 985 3485 fecit

321 3517 365 3584 ⁶⁵)
383 3517 574 3583 Aristophanes
586 3519 612 3567 ct
632 3517 808 3571 Pherecrates
826 3518 898 3587 apud
909 3518 1048 3581 Plutarch.
1062 3517 1097 3570 dc
1110 3532 1179 3585 mus.
1190 3534 1215 3570 c.
1225 3516 1269 3571 at.

267 3590 408 3669 Ar'istoph.⁴
420 3600 488 3652 Nnb.
507 3598 566 3651 332.
977 3622 983 3633 ·

320 3685 364 3751 σε)
381 3686 413 3736 de
425 3686 481 3752 leg.
496 3684 544 3735 111.
563 3700 590 3750 p.
610 3680 669 3735 tto.

322 3768 366 3835 ⁶⁷)
381 3768 532 3835 metaphys.
553 3768 571 3819 l.
594 3768 613 3820 l.

320 3852 365 3919 ⁶⁸)
383 3869 426 3920 ap·
438 3851 534 3905 Athen.
548 3848 694 3914 x1n‚555.

321 3936 366 4007 ⁶⁹)
381 3936 519 3991 Plutarch.
540 3934 615 3990 Alex.
636 3952 659 3987 c.
674 3934 699 3987 8.

634 4110 921 4141 *a*
