3259 5367
715 533 764 607 aa

243 718 361 793 tempus
381 718 429 774 est
457 712 648 791 praeteritum
676 713 842 791 (neminem
869 719 969 775 autem
996 715 1060 776 iure
1086 716 1239 782 offendere

240 808 353 887 potest,
373 809 449 887 quod
468 808 702 885 dithyrambicus
721 814 909 887 augmentum
930 827 987 870 non
1006 802 1170 891 adhibuit),
1189 822 1239 876 aut

240 908 405 983 praesentia
418 905 618 984 imperativus,
638 905 716 981 quod
733 902 903 965 Hermanno
921 906 1032 984 placuit
1050 908 1103 985 (ad
1116 897 1237 973 Aristot.

240 1004 322 1079 pbet.
343 1003 422 1076 1,2.
443 1023 474 1080 p.
496 1000 569 1078 BA).
625 1001 729 1077 ltaque
755 1018 860 1077 sersrrs
887 1000 933 1059 illi
960 1008 1012 1061 ant
1037 1022 1073 1061 eo
1101 1005 1238 1083 occupati

241 1102 329 1166 sunt,
355 1104 387 1156 ut
406 1096 576 1175 exemplum
601 1096 756 1174 splendide
776 1102 908 1155 actarum
928 1116 963 1155 ac
983 1097 1096 1157 lusibus
1116 1101 1237 1162 musicis

242 1202 407 1251 ornatarum
434 1192 601 1271 nuptiarum
623 1190 792 1261 celebrent,
822 1181 875 1249 aut
893 1193 957 1267 ipsa
976 1191 1011 1250 iis
1031 1192 1108 1253 inest
1128 1189 1236 1256 adhor-

240 1289 312 1347 tatio
330 1287 489 1366 hymenaei
503 1286 629 1365 impigre
649 1286 782 1346 cauendi.
823 1282 974 1363 ἐρεθίζειν
993 1285 1141 1365 μάγαδιν,
1160 1293 1237 1352 titil-

240 1383 303 1441 lare
329 1382 529 1459 magadidem,
566 1382 649 1457 quasi
678 1382 906 1443 instrumentum
933 1383 1092 1461 digitorum
1117 1385 1236 1463 pulsum

240 1478 366 1538 sentiret
385 1486 473 1555 atque
493 1496 530 1535 ex
550 1476 607 1535 hoc
628 1496 717 1537 sensu
738 1495 841 1537 sonum
863 1478 984 1554 ederet,
1006 1482 1076 1539 satis
1096 1479 1171 1541 mire
1190 1482 1236 1542 di-

239 1581 320 1633 ctum
341 1578 397 1632 est.
435 1570 659 1650 κεραιόφωνος
682 1572 820 1650 magadis'
835 1574 1017 1651 appellatur,
1046 1576 1125 1651 quod
1146 1594 1238 1637 cornu
1358 1585 1361 1592 '

238 1667 379 1729 fabricari
405 1669 528 1729 solebat
575 1669 714 1728 (leterum
739 1670 869 1749 magadls
896 1669 982 1747 quale
1005 1669 1101 1731 fuerit
1123 1672 1237 1731 instru-

238 1768 382 1839 mentum,
403 1764 525 1825 dillicile
544 1774 592 1825 est
611 1765 700 1823 dictu.
741 1763 908 1824 Boeolrhius
928 1784 965 1825 ex
984 1766 1032 1838 iis,
1052 1786 1128 1844 quac
1142 1767 1237 1827 Atlae·

239 1876 331 1917 uaeas
350 1859 503 1921 coniusina
525 1861 563 1920 de
584 1880 620 1919 ea
638 1859 773 1937 protulit,
793 1856 870 1918 haec
888 1862 968 1921 eruit
987 1859 1136 1938 (demetr.
1153 1860 1237 1923 l'iad.

239 1973 270 2031 p.
291 1954 390 2029 260.)ι
419 1955 582 2035 magadidia
608 1956 725 2013 nomine
746 1961 777 2014 et
797 1956 883 2030 tibias
903 1962 935 2015 et
953 1957 1149 2035 instrumenta
1167 1957 1236 2017 lidi·

240 2048 295 2107 bua
315 2057 454 2109 contensa
474 2050 637 2127 significata
662 2069 740 2120 esse,
762 2070 840 2127 quae
859 2050 918 2110 duo
937 2052 1089 2131 diapason,
1110 2051 1236 2112 alterum

238 2146 366 2223 gravius,
386 2144 511 2203 alterum
529 2146 653 2216 acutius,
674 2137 798 2204 eandem
819 2164 957 2206 sonorum
977 2148 1157 2207 divisionem
1172 2166 1235 2206 ser-

239 2240 338 2326 rantia·
355 2240 576 2313 continuissent,
603 2245 692 2317 atque
711 2240 749 2298 ad
769 2241 953 2319 magadidem
975 2242 1134 2303 ludendam
1153 2248 1235 2300 utra-
1347 2276 1350 2281 ·
1440 2298 1446 2309 ,

239 2353 298 2412 que
318 2352 405 2393 manu
426 2353 500 2411 opus
520 2335 625 2395 fuisse.
665 2335 726 2393 lam
749 2334 822 2395 illud
843 2337 927 2395 cuius
946 2334 1086 2397 Telestea
1106 2335 1235 2396 mentio-

238 2448 308 2488 nem
328 2428 403 2488 fecit
420 2431 643 2488 instrumentum
663 2430 770 2491 fidibus
790 2431 936 2491 intensum
961 2430 1056 2491 fuisse
1075 2450 1234 2508 esequen-

238 2524 318 2583 tibus
338 2525 436 2583 verbis
457 2530 596 2603 apparet,
623 2526 728 2602 quibua
749 2526 811 2584 eiua
832 2525 915 2585 lusus
935 2528 1099 2586 accuratius
1119 2528 1162 2585 sic
1181 2525 1234 2587 de-

239 2618 393 2677 scribitur:
423 2619 455 2678 in
475 2621 604 2697 quinque
623 2620 799 2681 chordarum
820 2629 944 2681 numero
963 2642 1080 2681 manum
1101 2622 1234 2701 recipro-

238 2732 302 2774 cam
323 2713 460 2773 celeriter
474 2734 604 2775 versans.
643 2714 708 2795 χεὶρ
727 2714 960 2792 καμψιδίαυλος
979 2725 1026 2776 est
1044 2736 1146 2777 manus
1167 2723 1234 2777 cur-

239 2828 305 2868 sum
316 2809 512 2887 reciprocans,
534 2810 582 2866 cui
601 2809 763 2888 respondet
782 2810 869 2878 illud,
889 2832 907 2868 a
927 2830 984 2888 quo
1004 2813 1095 2871 verbo
1114 2811 1235 2891 pendet,

239 2900 470 2980 ἀναστρωφῶν.
511 2901 571 2967 Sed
592 2885 744 2978 epithetorl
772 2892 1010 2981 πεντάῤῥαβδος
1029 2888 1093 2967 ιιιιιιΙ
1113 2908 1234 2987 exiguas

239 2999 432 3060 difficultates
452 3003 568 3069 movet3
592 3016 659 3055 nam
680 2997 722 3070 si,
742 3000 823 3077 quod
840 3001 1010 3059 Athenaeus
1030 3001 1133 3075 docet,
1153 3003 1233 3062 idem

239 3094 400 3171 significat,
429 3091 507 3168 quod
535 3089 755 3171 πεντάχορδος,
778 3112 835 3153 non
863 3096 1057 3173 perspicitur,
1086 3097 1233 3172 quomodo

238 3187 387 3267 magadidi
406 3186 577 3247 attributum
598 3189 655 3260 sit,
687 3190 882 3249 instrumento
902 3189 960 3248 duo
980 3192 1121 3269 diapason
1141 3191 1234 3251 couti-

237 3283 330 3343 uenti.
371 3281 469 3356 Quare
488 3282 654 3343 Boeclrhiua
674 3284 858 3344 Athenaeum
885 3304 988 3344 errore
1013 3286 1128 3362 lapsum
1155 3303 1234 3359 esse,

237 3396 293 3437 nos
323 3382 419 3434 autem
446 3395 545 3435 veram
565 3378 701 3439 vocabuli
720 3382 778 3438 vim
798 3363 916 3456 assequi
935 3398 993 3439 non
1010 3398 1101 3457 posse
1119 3379 1233 3440 statuit.

238 3472 298 3531 Sed
325 3470 404 3529 haud
433 3473 509 3543 scio,
537 3492 573 3531 an
594 3473 762 3533 Athenaeus
787 3495 889 3535 verum
912 3475 1020 3533 dixerit
1046 3482 1078 3533 et
1104 3473 1233 3550 magadis

149 3614 150 3617 ,
239 3567 369 3644 quinque
389 3565 509 3625 chordis
530 3574 614 3626 tensa
632 3570 673 3627 ita
693 3568 815 3647 intelligi
833 3571 937 3647 possit,
959 3560 993 3629 ut'
1012 3569 1077 3627 soni
1096 3569 1232 3628 uoniam

237 3659 342 3719 fidium
368 3659 500 3718 tensione
532 3661 593 3720 dati
613 3664 785 3723 citharistae
811 3672 875 3724 arte
901 3664 1050 3743 procreati
1069 3664 1137 3725 sint.
1176 3662 1231 3725 Vi-

238 3755 336 3813 dimus
365 3754 442 3811 enim
469 3773 558 3833 supra
582 3756 642 3817 illis
671 3760 853 3836 temporibus
873 3759 951 3835 apud
973 3758 1104 3817 Graecos
1134 3778 1170 3819 ea
1194 3760 1230 3818 fi-

238 3848 321 3909 dium
350 3848 546 3908 instrumenta
570 3850 600 3909 in
625 3870 681 3910 usu
700 3853 815 3925 inisse,
843 3855 967 3929 quibus,
997 3871 1085 3929 quum
1112 3872 1149 3911 ex
1175 3874 1231 3915 una

238 3941 351 4005 chorda
369 3943 469 4019 plures
490 3944 554 4002 soni
575 3944 641 4003 elici
663 3956 802 4022 possent,
823 3967 876 4025 per
895 3965 1005 4023 paneas
1025 3946 1150 4005 chordas
1170 3966 1230 4007 ma-

237 4058 295 4117 gna
313 4055 453 4097 sonorum
473 4038 558 4115 eopia
578 4040 744 4100 efferretur.
783 4042 860 4117 Quin
878 4041 1023 4100 eiusmodi
1038 4042 1232 4102 instrumento

237 4133 367 4209 quinque
387 4132 504 4191 chordis
530 4140 614 4192 tenso
635 4134 815 4213 Phrynidem
836 4136 1026 4214 cognovimus
1046 4156 1132 4196 ιιιιιιιι
1153 4155 1230 4195 esse.

237 4226 429 4302 Suspicamur
448 4227 537 4305 igitur
552 4227 703 4289 'l'elertem
723 4231 819 4290 simile
845 4216 1070 4289 instrumentum
1096 4230 1232 4322 laudasse

238 4338 404 4405 nomenque
423 4321 453 4381 ei
471 4323 618 4403 magadidi
636 4331 792 4405 propterea
810 4326 946 4400 dedisse,
965 4325 1044 4404 quod
1063 4328 1138 4387 haec
1157 4344 1230 4403 quo-

1019 4417 1038 4481 7
