3259 5367
862 583 913 658 ²²
984 583 987 591 ἱ

391 754 560 821 lihertetem
588 758 644 821 sihi
662 776 841 837 recuperare
868 762 989 819 conatis
1015 771 1084 826 etse
1107 773 1163 836 per
1188 773 1224 817 se
1242 759 1382 839 sasploaai

391 850 480 925 lieet,
510 859 599 932 atqse
622 873 727 934 parum
755 872 808 915 eos
827 852 898 914 «hdo
917 871 985 915 coar
1004 850 1247 914 hacedsernoniis
1265 855 1383 917 atetiase

391 948 558 1027 exemplem
577 949 719 1011 mhemua
739 949 807 1021 hoc,
828 949 906 1027 qnod
917 949 1114 1011 Athenienses
1131 966 1159 1010 a.
1172 946 1381 1013 CCCCXXW.

390 1042 501 1103 hellum
520 1044 559 1107 ils
578 1044 738 1106 inlerentea
757 1050 873 1105 tantum
891 1045 989 1105 ahinlt
1005 1049 1051 1103 ‘ut
1070 1043 1178 1103 acriter
1193 1044 1382 1122 repellerent,

277 1200 288 1221 .
391 1144 425 1198 ut
452 1138 521 1200 loeti
547 1140 686 1219 excipere
714 1137 956 1217 videremus-¹⁰).
1002 1138 1159 1212 Attsmen,
1190 1157 1280 1216 quum
1309 1139 1383 1200 haec

390 1233 576 1309 coniectum,
607 1254 692 1315 quam
720 1236 840 1313 quidem
865 1251 1032 1316 proponere
1049 1232 1134 1295 valde
1159 1234 1383 1310 dubitassemus,

389 1327 446 1387 nisi
471 1330 588 1391 omnino
607 1330 729 1391 historie
748 1331 862 1392 insulae
882 1330 1078 1409 cytheroron
1106 1346 1225 1402 noenu,
1253 1333 1304 1389 ant
1328 1347 1383 1418 po·

389 1422 449 1483 tina
469 1420 606 1488 nnlls'ad
626 1427 797 1488 memorium
817 1433 948 1487 nostmm
968 1424 1173 1503 pervenisset,
1200 1423 1383 1501 antirprorom

389 1518 566 1579 testimoniis
596 1540 701 1598 parum
729 1523 795 1583 nixu
823 1522 1023 1599 audaciusque
1047 1520 1126 1581 iectu
1145 1536 1214 1579 esse
1240 1518 1382 1593 rideatur,

388 1610 475 1672 aliam
493 1602 593 1687 etiem,
612 1634 671 1692 qno
690 1636 740 1681 res
760 1617 943 1695 expediatur,
966 1616 1107 1678 rationem
1126 1614 1203 1674 hanc
1217 1612 1383 1688 elierirnua,

388 1711 424 1765 nt
437 1705 548 1771 Suidae
567 1712 765 1774 narrationem
785 1712 858 1771 vitio
878 1710 1013 1771 lahorere
1032 1718 1064 1771 et
1084 1728 1141 1787 pro
1159 1709 1304 1769 raeahnlo
1319 1709 1383 1770 Ae-

387 1796 601 1881 κεδαιμονίων
626 1805 784 1886 legendum
809 1825 878 1867 esse
897 1802 1083 1883 Ἀθηναίων
1102 1809 1274 1866 atrtnanrns.
1320 1803 1383 1865 lia-

355 1950 362 1967 ,
388 1895 446 1957 cile
473 1899 551 1959 eninr
576 1902 606 1960 in
632 1910 762 1963 mentem
782 1902 863 1963 venit
881 1901 1103 1962 Atheniensium
1123 1895 1290 1979 expeditio,
1318 1890 1408 1979 qua,

388 2007 478 2068 quum
505 2013 561 2071 per
586 2003 729 2063 aestatem
759 1998 826 2061 anni
843 1994 1055 2057 ccccxxiv.
1074 2001 1136 2054 tum
1160 1996 1297 2071 regiones
1325 1994 1382 2055 Pe-

386 2083 541 2165 loponnesi
560 2091 738 2162 maritimas,
767 2112 854 2170 quom
882 2092 978 2170 ipsam
997 2090 1122 2151 insulam
1142 2090 1273 2167 cytheis
1293 2107 1382 2150 oceu-

384 2190 501 2260 parent,
520 2205 716 2266 magnumque
735 2187 899 2248 incolarum
918 2194 1033 2262 portem
1045 2186 1156 2263 uhiqne
1168 2183 1236 2243 lere
1253 2182 1382 2245 ehdnoe-

384 2283 470 2351 rent,
499 2279 676 2357 Cytlrerios,
700 2290 795 2357 atque
819 2282 850 2339 in
877 2280 915 2335 iis
933 2280 1146 2351 Philoxenum,
1172 2279 1204 2337 in
1229 2278 1382 2339 seruitutis

385 2377 497 2433 stolum
527 2374 664 2433 reductos
690 2392 758 2432 ease
779 2373 992 2431 existimemus.
1039 2373 1099 2433 Sed
1128 2374 1200 2433 huic
1219 2375 1383 2437 sententies

384 2466 483 2527 uhstet
515 2467 674 2525 auctoritas
706 2466 909 2545 Thucydidis,
945 2468 995 2544 qui
1021 2467 1179 2547 numeru)
1213 2468 1383 2546 (lystram,
1482 2481 1483 2494 ¹

384 2556 520 2637 queniam
549 2562 597 2620 vix
629 2567 827 2640 repugnantes
861 2580 929 2621 sese
957 2564 1185 2624 Atheniensibus
1218 2564 1382 2638 dedissent,

253 2708 260 2715 .
382 2672 518 2732 magnam
537 2654 680 2715 victorum
709 2656 895 2715 clementiam
923 2663 1062 2735 expertos
1088 2678 1173 2729 ease,
1201 2665 1250 2734 ut,
1277 2660 1382 2737 poncia
1482 2739 1483 2754 χ

383 2752 587 2811 tantummodo
614 2749 702 2824 viris,
733 2752 840 2829 quihus
860 2751 1058 2812 Athenienses
1084 2753 1236 2812 ohsidihua
1256 2760 1382 2813 uteren-
1482 2761 1483 2780 ¹

382 2849 449 2916 tur,
474 2844 629 2923 deductis,
658 2863 760 2905 omnes
780 2847 887 2923 reliqui
906 2845 1084 2922 incolumes,
1111 2848 1168 2908 nisi
1187 2848 1265 2925 quod
1284 2848 1381 2910 trihn-
1482 2823 1483 2884 l

383 2939 459 3015 uris,
479 2940 510 2999 in
530 2941 622 3017 patrio
642 2939 887 3019 relinquerentur.
1240 2961 1250 2973 ,

464 3034 542 3095 Nihil
569 3036 660 3113 igitur
686 3038 760 3097 certi
787 3037 826 3097 de
838 3035 957 3095 infelici
976 3038 1033 3097 ista
1052 3036 1205 3099 Philoxeni
1224 3043 1306 3098 sorte
1325 3036 1381 3097 ha·

381 3130 504 3207 hemon,
522 3132 601 3209 quod
621 3132 825 3213 proferemus,
852 3130 906 3189 sed
926 3131 1190 3204 quomodocunque
1209 3151 1312 3193 servus
1333 3130 1381 3191 iu-

382 3233 449 3285 stus
471 3232 535 3298 est,
564 3226 692 3301 primum
712 3226 842 3286 venitin
860 3240 963 3283 manus
983 3221 1297 3297 constantigenis,
1328 3224 1381 3303 qui

381 3337 508 3397 puerunt
543 3318 680 3379 educarit
710 3328 741 3381 et
771 3319 935 3399 Myrmecis
957 3316 1076 3377 nomine
1102 3313 1271 3395 appellarit.
1312 3314 1381 3390 Quo

381 3418 498 3472 mortuo
526 3413 653 3491 contigit
670 3413 849 3491 Philoxeno,
883 3419 922 3474 ut
947 3432 965 3473 a
991 3410 1254 3491 Melanippiuen)
1287 3416 1382 3491 pocta

434 3648 477 3714 ¹⁰)
494 3648 580 3700 'l‘hun
593 3646 637 3709 lv,
656 3644 698 3699 54.

433 3732 477 3799 ¹¹)
495 3732 537 3796 lv,
557 3729 598 3783 hi.
620 3729 655 3781 ci.
672 3747 695 3783 c.
716 3727 759 3783 54.

431 3816 476 3883 12)
495 3816 583 3883 Quum
606 3814 659 3865 dno
682 3814 763 3867 huius
784 3810 899 3865 nominis
919 3814 1016 3881 poetae
1032 3810 1238 3883 distinguentur,
1265 3826 1381 3877 qnorum

380 3900 448 3951 alter
470 3906 536 3952 teate
553 3898 635 3953 Snida
658 3900 693 3951 ol.
713 3899 788 3951 LXV.
806 3901 882 3948 nnhra
898 3897 946 3962 sit,
972 3912 1038 3965 ergo
1060 3912 1145 3963 poene
1162 3896 1300 3949 saeculum
1316 3900 1381 3947 aute

380 3998 462 4051 quern
485 3984 646 4036 Philoxenus
669 3984 757 4035 lucem
781 3982 897 4049 aspexit,
921 3983 991 4033 niter
1016 3986 1106 4033 eutem
1127 3981 1198 4047 opud
1220 3978 1381 4030 Perdiccam

379 4080 482 4136 regem,
500 4068 547 4135 qui
563 4066 686 4135 regnarit
703 4068 737 4120 nh
755 4082 780 4119 n.
798 4065 953 4117 ccccm.
969 4065 1004 4117 nd
1020 4080 1045 4117 e
1065 4063 1241 4126 docelini,
1257 4066 1382 4114 venetus

378 4148 471 4217 ihiqne
486 4154 605 4203 mortuus
621 4150 669 4215 sit,
686 4150 750 4213 ¹sine
772 4151 854 4203 dnhio
876 4148 962 4202 iunior
983 4146 1180 4215 hlelnnippidaa
1202 4146 1382 4199 Philoxenum

379 4234 453 4287 emh.
496 4234 608 4288 (leleher
630 4238 721 4289 eutem
743 4233 789 4287 hio
816 4233 869 4288 fnit
890 4239 971 4303 posto
989 4230 1210 4303 dithynmhicna.
1245 4246 1273 4283 r.
1295 4243 1381 4298 aupre

377 4335 404 4385 p.
423 4317 466 4371 11.
