3259 5367
395 732 499 797 iorum
517 726 717 810 digniorum
744 728 925 811 diligentium
949 731 1039 795 etiam
1061 734 1092 795 in
1109 732 1166 795 iifl
1185 733 1381 813 spaoscimaa,
1479 701 1480 706 ἵ

394 826 500 907 quibus
517 824 548 886 id
567 832 718 887 assecntns
738 832 794 900 cst,
813 834 848 888 at
866 826 1018 888 tibicinum
1036 831 1107 891 artis
1125 838 1156 891 et
1176 828 1383 890 tirocinium·

288 940 291 946 '
394 921 578 1000 monaque
601 919 729 981 indolem
755 940 839 996 esse,
866 921 1048 1001 deorumque
1073 924 1189 1013 aeraaini⁸
1205 924 1321 985 reatina
1346 922 1383 983 ab

394 1016 553 1079 inventrice
572 1015 746 1076 esm'tnibui
765 1032 872 1095 posse,
892 1036 979 1094 qaam
998 1018 1085 1093 hnic,
1105 1020 1171 1097 ipso
1189 1037 1248 1096 pao
1268 1027 1384 1079 nuum·

394 1130 454 1191 qne
478 1110 624 1190 expressit
642 1111 759 1171 nomine
783 1111 936 1173 indicaret.
982 1112 1179 1191 Sequentibns
1204 1114 1321 1186 verbis,
1349 1118 1384 1173 at

395 1206 546 1279 efferatur,
567 1204 645 1267 anie
665 1204 798 1265 Bacchus
818 1206 951 1266 tibiarum
977 1215 1070 1268 artem
1089 1208 1257 1286 acceperit,
1286 1208 1384 1269 nami·

393 1307 500 1364 oantur
518 1318 572 1361 eae
591 1300 725 1378 corporis
743 1308 857 1380 partes,
878 1300 985 1379 qnitus
1004 1300 1137 1362 Minerva
1155 1302 1246 1363 tibiae
1264 1310 1384 1363 caatnn
1479 1371 1480 1396 ¹

392 1396 557 1476 procreavit
573 1425 613 1439 -·
633 1393 726 1454 elatus
756 1396 877 1474 spiritns
904 1402 934 1457 et
959 1395 1072 1457 celeres
1097 1414 1211 1458 manus.
1258 1397 1325 1472 Qna
1348 1398 1382 1457 in

392 1508 427 1551 re
452 1488 531 1551 haeai
551 1488 614 1548 scio
643 1507 679 1548 an
699 1490 786 1549 nimio
805 1491 913 1552 tamari
931 1499 1018 1570 poeta
1037 1492 1201 1554 indulserit.
1239 1491 1384 1569 Epithete

393 1590 490 1647 tameo
515 1600 650 1644 mauonm
671 1586 746 1643 bene
766 1584 882 1646 deictus
900 1592 987 1647 sunt:
1014 1586 1139 1646 aiteram
1163 1586 1240 1645 eni·
1270 1604 1321 1645 esa
1338 1584 1382 1643 si-

392 1683 464 1760 gnat
487 1679 526 1738 erl
545 1678 634 1739 tibiae
654 1678 753 1739 losum
772 1698 858 1756 quam
877 1680 1160 1755 numatianus,
1189 1679 1380 1759 agitissimas,

391 1775 513 1837 aiterum
534 1772 700 1852 sptenotdas
719 1773 818 1834 iaudat
838 1772 1125 1847 nonsummum,
1145 1762 1383 1852 qnnm'rieornm

391 1868 488 1931 omnia
505 1868 568 1927 sint
586 1867 738 1945 splendida
757 1873 789 1928 et
807 1870 932 1947 egregia.
972 1868 1023 1928 Sia
1040 1868 1070 1927 in
1089 1869 1200 1946 hymno
1219 1870 1249 1930 in
1269 1867 1384 1947 Apotii·

390 1982 459 2025 uem
479 1960 591 2021 Delium
613 1962 743 2021 Latonae
770 1964 953 2042 appellantur
970 1960 1072 2042 ἀγλαὰ
1099 1960 1203 2026 τέκνα.
1221 1973 1225 1984 “
1242 1963 1303 2024 sm
1321 1980 1382 2023 non

390 2056 508 2119 silentio
528 2058 774 2135 praetermittam,
801 2059 932 2136 quamvis
951 2058 1154 2120 casaubonum
1173 2066 1293 2119 accntns
1312 2054 1380 2118 sirt-

389 2150 591 2230 tomspoyno
618 2151 805 2231 scripserim,
839 2153 911 2213 iiind
944 2156 1024 2231 qnod
1055 2154 1086 2214 in
1120 2154 1204 2214 lions
1234 2154 1381 2214 invenitor

315 2309 319 2323 ,
390 2245 645 2327 αἰολοπτερύγων
671 2247 742 2307 mihi
768 2246 854 2307 vaide
880 2248 1027 2309 sundere:
1056 2246 1164 2320 αἰόλος
1191 2249 1267 2308 enim
1289 2266 1379 2326 onum
1479 2263 1480 2288 ¹

299 2372 300 2377 ¹
389 2344 562 2425 saepissime
588 2349 747 2421 usurpetur
774 2342 810 2400 ari
831 2342 1013 2403 celeritatem
1032 2344 1076 2403 rei
1095 2351 1193 2403 motae
1212 2342 1381 2421 significan·
1479 2413 1480 2418 η

388 2440 472 2512 mm,
500 2441 575 2501 bene
594 2457 661 2499 com
680 2433 795 2514 πτέρυξ
814 2438 949 2518 componi
968 2438 1075 2517 potuit.
1114 2438 1263 2514 Quantum
1281 2445 1380 2499 tanam

388 2534 595 2611 circumspexi,
615 2534 786 2594 vocabulum
807 2530 1049 2613 uiotoacripvpoc
1067 2532 1264 2613 apoinnttam
1281 2531 1379 2592 (irae-
1479 2585 1480 2608 p

389 2646 490 2691 coram
518 2628 690 2703 scriptorem
710 2628 824 2697 inveni,
854 2630 952 2706 itaque
971 2630 1105 2707 recipere
1124 2626 1272 2698 dubitavi,
1291 2644 1379 2706 prae-
1403 2652 1409 2671 ·

388 2724 489 2785 sertim
516 2738 605 2796 qnam
624 2717 739 2795 reliqua
757 2718 898 2779 vocabula
917 2720 947 2779 in
966 2720 1051 2781 libris
1070 2722 1226 2784 admodum
1244 2722 1379 2784 mutilata

387 2815 578 2897 reperiantur.
624 2882 630 2889 ,

464 2910 610 2971 Numerus
627 2926 764 2969 versuum
784 2909 855 2969 satis
875 2912 1002 2991 simplex
1020 2917 1069 2972 est
1088 2917 1119 2970 at
1137 2910 1291 2972 maximam
1311 2911 1377 2989 qni-

387 3008 455 3069 riem
481 3009 593 3083 partem
618 3004 787 3065 trochaicus
807 3005 854 3065 vei
882 3006 1084 3085 ingemimus,
1111 3005 1239 3086 dactylis
1266 3012 1297 3067 et
1315 3012 1379 3065 tro·
1479 3045 1480 3058 ι

386 3100 485 3163 citreis
506 3100 635 3161 intense
655 3100 827 3160 coniunctis.
868 3100 946 3161 liaro
965 3108 1077 3163 tantum
1098 3102 1155 3161 alia
1173 3108 1267 3162 metra
1285 3101 1378 3161 inter·

385 3195 479 3258 mixta
506 3201 582 3255 sunt.
623 3194 707 3269 Quod
736 3195 785 3255 ubi
804 3195 959 3268 invenitor,
986 3205 1038 3257 aut
1062 3214 1099 3255 eo
1126 3197 1249 3256 consitio
1266 3194 1380 3256 fectum

387 3296 450 3363 est,
477 3296 515 3349 -nt
543 3290 752 3350 sententiarum
780 3290 825 3348 vis
844 3297 910 3368 apta
930 3292 1053 3353 metrica
1071 3291 1166 3351 forma
1186 3292 1379 3368 exprimatur,

385 3392 437 3445 ant
456 3390 497 3443 ut
523 3384 650 3462 plurium
676 3402 814 3443 versuum
840 3386 878 3443 ad
907 3386 1058 3463 stropham
1077 3387 1295 3446 coniunctomm
1317 3393 1379 3446 ter-

152 3530 153 3539 ,
262 3486 268 3501 ’
385 3480 480 3541 miraus
502 3480 659 3539 efficiatur.
698 3477 814 3544 Exitio
833 3497 943 3555 genere
962 3499 1065 3540 versus
1090 3487 1212 3557 quartas
1234 3486 1297 3552 est,
1323 3479 1380 3540 do-

385 3574 578 3634 chmiuscom
590 3572 687 3633 iambo
707 3573 916 3650 etantispasto‚
937 3576 1155 3635 exhoeveaans
1169 3575 1284 3643 tertius,
1305 3573 1378 3633 ario-

384 3668 461 3742 niua,
480 3668 532 3746 qni
549 3674 722 3728 tetrametro
731 3668 884 3727 trochaico
900 3669 1072 3729 catalectico
1092 3676 1124 3729 et
1142 3671 1268 3729 dimetro
1280 3670 1377 3731 trocit

385 3762 470 3824 catal.
498 3782 565 3824 cnm
586 3764 718 3823 anacrnsi
737 3768 874 3840 tanquam
895 3762 1027 3823 clansnia
1046 3764 1176 3836 accedit3
1203 3771 1292 3841 atque
1310 3766 1378 3841 pari

383 3859 472 3920 modo
492 3878 596 3919 versus
616 3877 709 3919 nonus
728 3877 848 3937 parvam
867 3842 1020 3935 stropham
1039 3858 1186 3919 terminat.
1231 3858 1378 3920 Versibus

383 3960 481 4015 antem
505 3954 700 4036 logroediois‚
728 3971 853 4033 quorum
879 3952 1003 4031 quiaque
1022 3954 1163 4014 maiorem
1182 3940 1324 4014 ambitum
1343 3958 1378 4013 et

383 4049 541 4113 terminum
568 4051 600 4113 in
619 4069 653 4111 sc
678 4048 744 4127 ipso
762 4049 864 4123 hahet,
884 4048 1042 4119 chaoniam
1060 4048 1131 4109 iacit
1149 4050 1376 4127 asyncrteticns.
