3259 5367
712 566 763 641 59

244 710 450 831 probationem
479 752 631 809 assecutus
651 750 715 821 est,
743 744 878 805 acerbius
903 745 1007 819 etiarn,
1034 737 1120 821 quam
1140 742 1232 803 Athe-

244 846 382 917 nlonscs,
409 842 628 903 Lacedaemonii
655 841 718 901 eius
737 840 855 901 Musam
873 840 1025 917 aliquando
1045 846 1233 918 acceperuut,

246 940 298 1020 qul
325 940 398 1001 adeo
417 958 454 1001 ea
473 937 713 1011 offendebantur,
741 943 776 998 nt
794 935 912 1015 publica
929 954 996 995 eam
1013 936 1171 1014 ignominia
1188 935 1233 994 al·

245 1035 379 1111 licerent,
399 1036 600 1113 citharamque
617 1027 776 1107 Timothei,
796 1031 930 1111 pluribus
943 1030 1063 1091 chordis
1082 1032 1233 1111 privatam,

239 1124 276 1194 in
296 1132 412 1208 porticu
422 1147 516 1210 prope
531 1128 628 1188 iorum
641 1129 697 1189 rita
719 1127 933 1205 suspenderent
945 1130 1006 1200 11).
1046 1127 1157 1205 Singuli
1166 1146 1236 1186 vero

246 1226 405 1287 murmurii
424 1242 571 1304 nunquam
591 1222 657 1283 iere
677 1223 704 1284 ei
720 1222 889 1293 defuerunt,
910 1240 1034 1299 qnorum
1050 1241 1125 1283 nnus
1145 1222 1236 1282 Gina-

246 1321 307 1381 sias
326 1322 380 1381 ιιι·
395 1339 431 1381 ιιι
451 1318 524 1379 meni
543 1336 611 1379 enm
630 1320 703 1379 dare
721 1324 843 1378 conatus
862 1323 927 1387 est,
950 1316 1027 1398 qnod
1047 1317 1186 1395 hymnum
1204 1318 1236 1376 in

245 1414 369 1476 Dianam
388 1416 419 1475 ln
437 1413 557 1474 theatro
568 1413 739 1476 Atheniensi
750 1418 904 1474 canentem
914 1411 1083 1489 intercepit,
1101 1418 1134 1471 et
1151 1414 1237 1472 deam

246 1507 398 1591 μαινάδα,
418 1504 538 1584 θυάδα,
558 1506 708 1612 pocpcida,
728 1506 870 1570 λυσσάδα
891 1508 980 1585 (loris
999 1507 1103 1585 tiliam)
1123 1506 1239 1566 vocanti

248 1606 337 1681 „talis
356 1604 412 1666 tihi
430 1605 471 1665 sit
490 1601 570 1664 filia'’
597 1605 837 1682 acclamavitw).
887 1603 947 1666 Sed
977 1604 1064 1664 huius
1084 1600 1238 1663 infortunii

247 1700 424 1761 Timotheus
459 1700 594 1760 solatium
626 1702 707 1762 haud
737 1703 874 1781 exiguum
901 1699 1030 1762 hahebat
1053 1700 1128 1772 hoc,
1160 1696 1239 1776 quod
1296 1691 1299 1702 '

247 1795 390 1875 Ephesii,
419 1796 524 1873 quihus
545 1798 719 1875 scripserat,
745 1798 872 1857 eandem
897 1795 979 1855 illum
998 1795 1139 1872 hymnum
1159 1794 1241 1853 mille
1295 1869 1298 1877 Ι

249 1909 407 1951 ιιιιιιιιιιιιι
433 1892 565 1968 praemio
591 1891 711 1969 dignum
736 1896 911 1954 censuerant
925 1888 983 1967 Β).
1029 1888 1239 1969 Splendidissi-

174 2034 176 2041 .
249 2004 331 2045 mum
350 1985 476 2063 denique
497 1986 568 2045 artis
588 1987 664 2048 bene
682 1990 826 2064 probatae
844 1986 1044 2045 testimonium
1063 1985 1091 2044 ei
1110 1985 1168 2044 hoc
1186 1985 1240 2043 da·

250 2088 315 2141 tum
336 2087 393 2156 ιιι,
417 2079 495 2157 quod
512 2080 683 2156 Archelaus,
703 2080 893 2142 Macedoniae
912 2098 975 2156 rex,
995 2098 1063 2138 eum
1082 2080 1112 2138 iu
1130 2080 1240 2156 regiam

250 2193 332 2235 suam
363 2175 587 2248 arcessivit¹⁴).
632 2174 691 2235 Hic
717 2177 744 2235 ei
772 2176 912 2255 contigit,
939 2179 973 2234 nt
992 2172 1241 2233 nobilissimorum

249 2269 337 2330 istius
364 2270 470 2329 aetatis
496 2270 689 2347 tragicorum,
723 2270 874 2350 Euripidis
901 2275 933 2329 et
958 2269 1135 2346 Agathonis,
1167 2285 1240 2345 quos

251 2365 414 2425 Archelaus
449 2366 507 2426 iam
540 2371 608 2425 ante
640 2366 719 2447 apud
753 2384 786 2427 se
821 2356 994 2444 exceperat,
1032 2363 1242 2424 cousuetudine

251 2459 418 2535 frueretu13
438 2465 470 2520 et
489 2479 556 2521 cum
575 2461 727 2540 Euripide,
748 2462 798 2540 qui
817 2462 951 2521 iuvenem
971 2460 1038 2519 olim
1057 2458 1242 2519 exsibilatum

251 2572 310 2615 non
327 2556 410 2635 parvi
430 2554 517 2630 lecit,
544 2557 599 2617 red
619 2556 741 2635 henigne
761 2556 936 2615 adhortatus
956 2561 1012 2628 est,
1051 2552 1241 2614 Timotheum

252 2651 377 2711 arctiore
396 2652 524 2729 quodam
544 2652 692 2713 amicitiae
720 2650 837 2713 vinculo
857 2651 1128 2711 coniunctumessc
1145 2651 1242 2728 suspi-

253 2744 315 2803 cari
338 2746 416 2806 licet.
456 2747 690 2808 Consentaneum
710 2749 779 2808 huic
799 2755 862 2821 est,
888 2746 967 2825 quod
985 2744 1177 2805 Timotheum
1197 2746 1242 2805 di·

252 2846 323 2901 caat
341 2841 532 2921 epigramma,
550 2842 722 2919 inscriptum
747 2844 779 2901 in
799 2840 975 2921 cenotaphio
996 2840 1130 2920 Euripidi
1150 2841 1244 2901 Athe·

251 2935 297 2995 nis
318 2941 482 3008 exstructo,
500 2934 683 3009 iecisse1⁵).
725 2934 882 3007 Ceterum,
910 2953 981 2994 num
1005 2938 1036 2993 iu
1055 2936 1243 3011 Macedonia,

254 3030 342 3089 etiarn
361 3028 507 3088 Archelao
531 3026 690 3087 interiecto
709 3034 741 3087 et
759 3028 856 3097 turbis
874 3027 1065 3087 atrocissimis
1084 3032 1126 3089 ibi
1146 3032 1243 3092 couci-

225 3126 228 3133 “
252 3125 340 3199 tatis,
361 3121 538 3183 Timotheus
557 3122 745 3195 remanserit,
766 3141 823 3182 non
843 3127 974 3195 constat3
1001 3130 1100 3182 tamen
1119 3125 1244 3186 relatum

254 3226 300 3278 eat
333 3218 411 3278 diem
432 3236 500 3279 eum
520 3236 692 3294 supremum
711 3218 754 3277 ihi
774 3215 954 3292 obiisse1⁶).
1001 3218 1087 3294 Quod
1108 3237 1198 3297 quum
1219 3240 1244 3281 a.

306 3469 349 3535 ¹¹)
367 3470 437 3522 Plut.
460 3468 558 3520 Iracon.
581 3468 639 3520 inst.
663 3488 687 3523 c.
709 3469 751 3522 lt.
775 3488 802 3538 p.
820 3469 879 3522 238.
897 3470 1107 3538 Paua.111‚1t,
1125 3472 1175 3538 lt),
1193 3493 1246 3543 quo

254 3554 314 3607 loco
331 3552 414 3605 refert
429 3569 459 3604 aa
475 3553 563 3619 ipsum
578 3552 653 3605 illam
670 3553 708 3604 ihi
724 3570 877 3621 suspensam
893 3554 1004 3620 vidisse,
1022 3563 1136 3624 quatuor
1152 3575 1249 3626 auper-

253 3636 334 3701 fluaa,
346 3638 461 3689 chordas
484 3636 587 3688 deciam
608 3637 762 3689 habentem.
795 3638 927 3691 Boethius
950 3640 984 3690 de
1005 3657 1072 3692 mus.
1090 3641 1113 3691 1.
1130 3640 1155 3692 1.
1174 3642 1248 3695 addit

254 3720 341 3787 iprum
366 3722 541 3773 Timotheum
564 3736 596 3772 ax
619 3721 686 3772 urba
711 3722 827 3773 eiectum
850 3739 916 3773 csse.
950 3723 1048 3776 Contra
1069 3725 1178 3777 Artemo
1202 3742 1247 3794 ap.

254 3804 350 3858 Athen.
368 3804 438 3868 xlv,
460 3802 520 3856 636.
547 3802 721 3855 Timotheum
738 3804 862 3858 dicitrcl
876 3806 1008 3858 citharam
1015 3807 1175 3860 incolumem
1191 3825 1248 3861 aar·

255 3902 333 3941 vasae
345 3903 386 3955 eo,
403 3888 515 3955 quodad
525 3887 867 3956 citharampolychordam,
885 3906 965 3956 quam
971 3890 1102 3957 Apollinis
1117 3894 1248 3959 quaedam

257 3976 345 4025 statua
363 3971 391 4023 in
406 3986 488 4035 manu
504 3969 639 4037 tonuisset,
656 3973 854 4038 provocaverit.

308 4055 352 4122 ¹2)
368 4055 439 4107 Plut.
449 4054 553 4107 daund.
564 4060 634 4121 poet.
651 4051 676 4107 4.
694 4072 721 4123 p.
738 4054 985 4124 taanamperac
1001 4056 1043 4110 1⁰.
1060 4076 1086 4126 p.
1101 4057 1160 4112 lto.
1172 4061 1204 4113 A.
1214 4061 1247 4115 B.

310 4136 355 4204 ¹⁸)
371 4138 493 4191 Macruh.
510 4139 614 4191 saturn
632 4138 663 4200 V,
681 4137 723 4191 22.

312 4219 357 4286 ¹⁴)
374 4220 485 4274 defert.
502 4220 576 4274 Alex·
592 4238 619 4289 p.
636 4218 695 4275 834.

310 4302 354 4369 ¹⁶)
370 4321 397 4356 v.
406 4304 485 4357 infra.

307 4386 351 4453 ¹⁶)
368 4388 463 4456 Staph.
479 4386 545 4457 Byr.
561 4389 579 4440 l.
596 4390 616 4440 l.
