3259 5367
850 533 1107 610 44„

389 726 498 799 fundit,
525 727 556 783 et
581 726 650 786 aute
675 734 741 778 eum
769 689 963 779 Vullreirurius
991 710 1087 772 Grotii
1115 711 1310 771 oouleotnrum
1341 732 1388 773 eo
1479 763 1480 768 ,

388 822 506 885 nomine
525 816 637 888 reiecit,
658 811 735 891 quod
756 830 820 871 eum
839 810 1086 888 liuguaegraeoae
1105 825 1175 866 uuus
1195 825 1253 866 nun
1272 806 1387 871 terret.

389 918 528 979 ceterum
548 908 737 974 Vallremrius
757 924 872 965 versum
892 922 949 963 nou
968 902 1131 976 Philoxeni,
1150 901 1205 961 sed
1224 902 1388 981 Euripidis
1479 897 1480 900 ¹

387 1012 478 1083 dixit3
497 1007 585 1067 verba
604 1009 700 1065 autem
719 1001 784 1060 eius
804 1000 841 1059 ad
854 1000 957 1077 Enrlp.
969 996 1089 1076 llippol.
1108 1015 1137 1059 v.
1158 1000 1245 1059 1389.
1263 1017 1293 1076 p.
1307 1000 1386 1060 514.

388 1105 634 1183 haecleguulur:
663 1094 799 1169 „Versus
826 1092 922 1155 fertur
948 1112 985 1153 ex
1003 1091 1154 1171 Euripidis
1173 1092 1386 1156 Andromeda:

535 1194 592 1277 οἲιι
613 1184 641 1273 μ’
663 1188 681 1253 ὁ
701 1187 824 1266 δαίμων
842 1184 947 1265 τέρατι
966 1185 1208 1266 συγκατῴκισεν.
1479 1265 1480 1270 ¹

389 1294 474 1372 Quod
500 1294 541 1355 ihi
565 1290 699 1370 vulgatur
718 1282 938 1365 συγκατεῖρξεν
964 1285 1048 1343 alteri
1073 1284 1173 1343 forsan
1194 1284 1385 1363 adscriptum

387 1392 502 1464 fuerat,
532 1395 565 1449 ιιι
584 1387 886 1463 interpretamentum.
906 1412 944 1424 -
965 1375 1212 1458 συγκαθιιιξατο
1241 1378 1383 1452 Graecis,

303 1556 311 1577 Ι
387 1480 493 1565 qulbus
520 1487 621 1542 nostra
646 1476 787 1538 dehemus
806 1481 1012 1550 monumenta,
1042 1494 1100 1535 uou
1129 1477 1233 1554 opinor
1260 1477 1290 1534 iu
1317 1494 1381 1533 usn

386 1581 498 1652 furiose,
526 1594 582 1655 qua
608 1574 639 1632 iu
666 1591 701 1631 re
720 1590 810 1649 saepe
828 1575 954 1651 peccant
972 1569 1187 1634 correctoresfl
1225 1570 1380 1631 casaubo-

386 1692 441 1737 nus
460 1690 530 1733 vero
555 1669 593 1729 ad
613 1668 719 1729 Athen.
739 1666 789 1729 lll.
809 1687 839 1745 p.
859 1667 928 1729 203.
948 1685 987 1726 er
1009 1666 1161 1746 Euripidis
1185 1666 1381 1729 Andromeda

386 1786 502 1831 versum
520 1766 623 1826 laudat
641 1765 736 1824 huno:

503 1859 591 1943 οῗιι
610 1862 642 1937 μ’
663 1856 688 1922 ὁ
702 1856 825 1938 δαίμων
843 1853 945 1938 θηρίῳ
965 1854 1145 1937 iuvenum,
1309 1863 1319 1904 l

387 1966 475 2039 quem'
495 1957 550 2016 suh
571 1956 721 2034 Euripidis
740 1956 856 2016 nomine
876 1954 965 2014 etiam
998 1954 1105 2014 (ialale
1124 1954 1199 2016 Aur.
1219 1950 1321 2013 critic.
1337 1972 1374 2031 p.

386 2054 466 2114 522:
479 2052 608 2113 ¹llarneo:
634 2053 701 2113 add.
732 2052 771 2111 ad
796 2049 899 2127 Eurip.
926 2050 1032 2127 frugm.
1059 2049 1183 2112 Vallren.
1211 2048 1250 2107 ud
1268 2048 1374 2126 Eurip.
1479 2033 1480 2048 i

386 2146 507 2227 Hippoi.
528 2149 615 2208 1389.
642 2148 738 2219 Beck,
758 2144 825 2206 add.
846 2145 882 2204 aul
903 2142 1052 2221 Musgrav.
1072 2144 1124 2206 Fr.
1145 2142 1274 2204 laudant.
1311 2142 1375 2202 Sed

385 2262 481 2318 nemo,
501 2262 559 2321 quo
578 2249 698 2303 auctore
716 2260 786 2301 usus
806 2259 923 2301 versum
942 2237 1079 2317 Euripidi
1099 2240 1252 2310 tribueret,
1280 2256 1374 2297 ennu·
1479 2311 1480 2322 ἵ

386 2338 485 2412 tinuit,
513 2357 567 2399 neo
594 2340 632 2411 ii,
661 2358 679 2395 a
705 2337 809 2412 quihus
835 2334 988 2411 Euripidis
1014 2344 1182 2413 poematum
1209 2334 1376 2410 fragmenta
1479 2337 1480 2412 j

386 2432 511 2492 collecta
531 2442 614 2503 sunt,
640 2450 709 2490 euru
735 2433 920 2506 receperunt
960 2427 1085 2488 Causam
1104 2430 1196 2506 igitur
1214 2447 1273 2489 non
1291 2429 1375 2489 vide·
1479 2425 1480 2436 ’

385 2542 450 2585 mus
465 2525 610 2597 idoneam,
627 2524 665 2585 de
677 2543 736 2601 qua
746 2538 863 2583 versum
878 2523 960 2581 illum
970 2524 1106 2583 malimus
1119 2523 1267 2603 Euripidi·
1284 2544 1373 2601 quam

385 2619 547 2681 Philoxeno
584 2619 730 2691 tribuere;
765 2618 856 2676 immo
882 2618 1006 2676 Zeuobii
1033 2619 1132 2680 verbis
1159 2619 1230 2680 lreh'
1254 2624 1372 2680 uersum

383 2715 526 2776 hahemus
551 2712 721 2786 Philoxeni,
757 2730 814 2791 quo
840 2712 965 2789 Ulysses
998 2713 1030 2772 in
1065 2716 1206 2791 spelunea
1234 2715 1373 2795 cyclopis
1479 2723 1480 2746 ι

384 2807 513 2869 inclusus
533 2815 675 2868 terrorem
697 2826 782 2866 suum
802 2807 964 2884 expressit,
995 2814 1028 2867 et
1050 2810 1101 2886 qui
1120 2811 1245 2884 deinde,
1271 2815 1304 2871 ut
1322 2810 1373 2871 ulii
1479 2821 1480 2824 ’

385 2903 518 2965 eiusdem
537 2910 652 2985 poetae,
667 2896 816 2981 proverbii
835 2902 901 2964 loco
921 2910 1079 2983 usurpatur
1101 2912 1157 2966 est.

386 3376 412 3485 ,Ι
455 3382 459 3390 t
574 3408 734 3504 Εὐριιιις
757 3404 846 3498 οἶνος
868 3408 1055 3504 πάμφωνος.

461 3575 584 3657 Legitur
609 3578 685 3635 iuter
711 3578 769 3637 vini
795 3576 979 3637 laudationes
1009 3575 1134 3652 aliorum
1153 3585 1308 3657 poetarum
1326 3550 1373 3641 hie

386 3690 501 3753 quoque
529 3671 680 3731 Philoxeni
707 3691 827 3746 versus,
852 3672 950 3733 vinum
977 3672 1160 3761 grandisonis
1188 3679 1221 3735 et
1235 3676 1373 3758 graviter

384 3768 583 3829 insedentibus
612 3768 749 3847 epithetis
779 3766 919 3838 laudans,
948 3768 1026 3846 apud
1053 3766 1234 3832 Athenaeum
1262 3769 1325 3831 lio.
1339 3771 1372 3831 ll

303 3892 305 3897 ·
384 3883 423 3951 p.
435 3848 482 3921 35.
522 3856 676 3923 Fortasse
691 3881 727 3922 er
754 3862 859 3926 eodem
884 3862 935 3921 illo
955 3859 1087 3941 Cyclope
1114 3862 1267 3953 Philoxeni
1293 3885 1371 3926 sum·

382 3962 451 4063 ptus
477 3963 531 4017 est
570 3954 675 4016 Mirum
696 3959 758 4017 eius
783 3958 1006 4047 explicationem
1026 3957 1152 4036 protulit
1166 3944 1372 4031 Easauhonus,

384 4049 473 4129 quum
506 4049 584 4111 dicat
619 4052 758 4131 epithetis
785 4052 852 4113 istis
883 4054 981 4112 viuum
1014 4060 1146 4113 notatum
1175 4071 1242 4141 esse
1269 4072 1373 4146 magno

383 4146 468 4227 eopia
486 4146 517 4207 iu
544 4163 650 4225 eorpus
674 4148 844 4210 admissum.
885 4145 1072 4227 Πάμφωνος
1091 4148 1175 4208 de
1148 4129 1221 4245 runo
1232 4149 1263 4209 iu
1282 4169 1372 4229 poeu-

382 4240 445 4303 lum
463 4232 563 4301 inluso
583 4236 718 4303 similiter
743 4245 853 4305 dietum
872 4245 939 4318 est,
963 4263 998 4307 uo
1025 4217 1171 4322 Pindarus
1190 4221 1239 4315 Ol.
1254 4244 1324 4323 Vll,
1343 4247 1370 4307 1.

384 4336 472 4439 dixit:
491 4332 611 4419 φωίιιιν
629 4332 770 4419 ἀμπέλου
789 4331 1007 4508 Μοισᾶν
1014 4336 1178 4439 ιιιόσιι.
1202 4382 1266 4438 ’,Ἤ
1334 4409 1339 4418 ,
