3259 5367
251 758 283 819 in
302 752 415 819 musica
433 770 494 815 uon
512 754 610 818 miuus
628 768 717 833 quam
735 754 854 836 poetica
873 762 939 818 arte
957 760 1139 836 versabam,
1161 760 1245 821 nabl-
1276 815 1279 822 .

251 864 396 931 lissimum
416 886 538 931 carmen
555 868 719 949 legentium
743 866 894 929 solitudini
911 870 1088 932 dastmatum
1107 877 1197 950 atque
1215 872 1247 933 iu

253 1000 292 1042 ea
310 998 453 1071 summam
472 982 678 1042 celebritatem
696 985 815 1042 nactum
835 1001 922 1055 esnc3
950 982 986 1042 cf.
1004 985 1100 1046 laeob.
1120 985 1246 1063 quassit

253 1093 395 1172 Sophocl
414 1114 442 1171 p.
452 1096 500 1153 41.
539 1093 598 1172 Ipsi
617 1094 788 1174 Berglelm'o
803 1094 880 1154 haec
897 1102 1069 1173 argmenta
1080 1116 1142 1156 nou
1157 1096 1246 1175 plue

253 1206 355 1285 ignota
373 1210 562 1280 manserimt,
583 1224 681 1284 eoque
701 1206 794 1286 magis
816 1206 925 1281 miror,
949 1210 1028 1281 quoad
1043 1210 1074 1269 iu
1092 1209 1246 1289 mnioues

255 1316 350 1378 minus
370 1319 537 1395 probandas
557 1318 704 1379 inciderit.

333 1429 366 1489 Ρ.
388 1434 434 1489 36.
454 1430 488 1489 B.
503 1430 716 1510 ,Antigenidam
737 1430 944 1493 demonstrare
963 1430 1076 1491 studuit
1094 1451 1112 1491 e
1131 1436 1246 1509 tempo·
1269 1458 1274 1469 ’

204 1611 208 1625 .
255 1561 322 1601 rum
341 1542 456 1601 ratione
475 1561 536 1602 uon
548 1542 702 1619 aequalem
722 1542 815 1603 finisse
828 1543 1004 1619 Philoxeno,
1019 1544 1131 1617 „verba
1149 1548 1248 1602 autem

257 1654 383 1729 Snidae,
413 1653 464 1731 qui
490 1674 558 1713 eum
584 1654 734 1714 tibicinem
752 1654 906 1715 Philoxeni
925 1655 1010 1729 dicit,
1044 1674 1104 1713 non
1128 1651 1250 1734 proprio

257 1785 347 1825 seusu
362 1766 454 1845 accipi
475 1742 506 1825 et
525 1766 598 1825 nihil
613 1766 779 1844 significare
793 1786 893 1846 posse,
912 1767 969 1827 nisi
989 1786 1057 1827 eum
1068 1766 1099 1823 iu
1112 1765 1249 1826 Philoxe-

257 1878 313 1938 uiis
330 1878 513 1957 potissimum
531 1874 708 1939 carminibus
718 1879 936 1944 committendis
952 1876 1251 1939 versatumesse.”-
1349 1868 1354 1875 ’

258 1990 292 2049 ln
306 1990 384 2047 hanc
398 1991 572 2061 seutentiam
592 2009 646 2050 cur
665 2010 725 2050 non
746 1990 876 2049 eundum
894 1995 1006 2069 putem,
1025 1990 1127 2068 paucis
1146 1989 1250 2049 dicam.

259 2102 358 2189 Quonim
379 2102 436 2159 duo
456 2102 640 2180 potissimum
657 2101 854 2181 Antigenidoe
873 2101 1071 2179 distinguendi
1089 2087 1157 2175 siut,
1177 2118 1250 2178 qno·

258 2232 326 2272 rum
351 2212 476 2273 alterum
501 2219 617 2273 constat
640 2188 671 2273 in
697 2213 786 2272 domo
806 2212 930 2272 Periclis
956 2211 1138 2272 Alcibiadem
1163 2213 1250 2271 disci-

259 2324 339 2404 plina
358 2345 412 2385 sua
429 2325 600 2401 instituisse,
621 2327 747 2386 alterum
767 2324 805 2385 ad
815 2324 933 2405 nuptias
943 2323 1096 2403 Iphicratis
1114 2324 1250 2385 iu'l'hra·

257 2436 306 2519 ·cia
323 2436 582 2513 tibiiscecinisse,
613 2438 693 2497 huuc
713 2436 875 2512 minorem,
903 2458 921 2495 a
939 2434 1072 2514 plurimis
1090 2435 1249 2512 laudatum,

259 2548 457 2641 uibilobstat
483 2554 652 2630 temporum
677 2550 771 2624 ratio,
808 2549 963 2628 quominus
997 2546 1250 2608 adolescentulum

235 2680 238 2689 ·
260 2661 350 2723 tibiae
377 2662 444 2721 lusu
461 2646 659 2750 Philoxenum
683 2662 858 2722 incolendis
886 2659 1078 2739 dithyrombis
1098 2660 1251 2734 adiuvasse

260 2778 431 2835 statuamus.
469 2746 643 2835 Nam'inter
653 2774 807 2835 Philoxeni
827 2780 954 2833 mortem
963 2772 1106 2850 temporis
1124 2772 1251 2852 spatium

260 2904 321 2947 uon
338 2885 425 2945 nimis
443 2886 583 2965 longum,
606 2887 661 2947 sed
679 2887 882 2946 tautummodo
903 2886 1021 2945 circiter
1040 2884 1142 2964 viginti
1160 2904 1250 2947 anuo·

260 3017 329 3058 rum
346 2998 501 3055 intererat.

340 3108 468 3167 Germeu
493 3109 636 3170 Δεῖπνον
661 3109 835 3189 inscriptum
862 3110 896 3169 B.
920 3127 980 3169 uon
1007 3106 1120 3169 dubitat
1153 3108 1252 3167 multis
1291 3142 1295 3145 ·

264 3220 431 3281 nominibus
450 3220 573 3281 laudare
604 3198 635 3282 et
660 3222 824 3283 Philoxeno
851 3220 1029 3282 adiudicare.
1071 3219 1118 3279 lle
1138 3238 1197 3296 qur
1216 3238 1252 3278 re

262 3332 334 3393 lieet
351 3333 535 3393 recentiores
554 3332 609 3393 viri
629 3333 709 3394 docti
727 3334 864 3414 plerique
883 3335 989 3395 eadem
1006 3332 1073 3392 fere
1092 3331 1252 3411 Quicni,

263 3462 324 3503 nou
341 3464 463 3524 possum
481 3464 542 3506 nou
561 3420 683 3524 prorsus
703 3445 791 3507 aliter
807 3446 911 3507 facere
931 3450 1020 3521 atque
1039 3445 1148 3504 idonea
1164 3463 1251 3522 argu·

263 3560 376 3617 menta
389 3556 464 3617 mihi
487 3557 647 3636 protulisse
673 3558 794 3634 videor,
824 3559 930 3637 quobus
959 3575 1078 3616 carmen
1105 3574 1167 3615 uon
1194 3554 1252 3632 Cy·

263 3666 364 3743 therii,
384 3669 439 3729 sed
457 3668 600 3729 Leucadii
618 3670 773 3731 Philoxeni
792 3688 860 3731 esse
878 3672 1047 3749 probarem

207 3754 213 3763 .
343 3779 405 3841 Sed
429 3801 459 3860 p.
478 3785 526 3841 os.
552 3782 585 3841 B.
615 3783 726 3862 optime
754 3785 857 3843 mouet
889 3782 921 3840 id
949 3779 1029 3858 qnod
1053 3778 1253 3859 neglexeram,
1332 3841 1335 3855 ,

264 3890 472 3971 Tlepolemum
489 3892 572 3953 illum
591 3892 731 3972 Lycium,
758 3894 789 3953 iu
807 3896 891 3953 cuirrs
909 3893 1055 3951 honorem
1074 3874 1255 3971 epigramma

263 4003 438 4089 inscriptum
456 4004 609 4065 Philoxeni
637 4006 757 4067 nomine
781 4006 980 4080 factumest,
1003 4009 1083 4064 teste
1108 4001 1255 4061 Pausania

265 4114 318 4195 (V,
331 4121 359 4192 8,
372 4114 433 4195 11.)
454 4116 573 4177 demum
586 4117 623 4177 ol
639 4117 769 4205 cxxxi
788 4118 942 4179 notoriam
951 4121 1134 4198 reportasse.
1166 4113 1257 4191 Quod

262 4230 366 4286 tumen
385 4228 474 4303 addit,
495 4225 595 4309 „ergo
611 4229 680 4289 uixit
699 4226 844 4290 obscurus
856 4229 914 4289 ille
933 4227 1151 4309 epigrummatis
1169 4223 1255 4285 faber

263 4336 331 4417 plus
357 4343 476 4400 centum
496 4341 579 4401 annis
598 4345 668 4420 post
684 4342 780 4404 nostri
798 4341 954 4404 Philoxeni
972 4337 1123 4403 mortem‘'
1142 4370 1182 4384 —
1199 4335 1254 4396 mi·
