3259 5367
591 540 817 655 'oo'

234 760 333 841 ipsum
344 758 509 841 Apollinem
529 724 568 819 ad
586 764 736 821 nortamen
748 774 935 839 peonnam,
953 757 1008 821 sed
1027 758 1232 821 aoltlraroedo
1259 799 1262 807 ψ

200 930 204 935 .
233 856 344 917 vietum
364 854 524 917 miserabili
543 861 639 916 morte
657 854 796 914 andaciae
815 872 947 935 poenam*
961 842 1131 933 dennuni).
1171 855 1232 921 illo

232 950 356 1030 mythos
378 958 479 1031 aperte
498 950 649 1009 vietorlsm
670 950 798 1011 oelelnrat
826 951 863 1011 ab
883 950 1020 1029 Apolline
1038 960 1101 1012 oum
1120 950 1230 1029 depor-

233 1047 343 1127 osum,
359 1066 448 1125 quom
468 1046 596 1125 primurn
617 1044 709 1122 ipsius
730 1046 902 1125 etcybeine
921 1045 1030 1116 onitas,
1049 1054 1152 1105 natnrn
1172 1045 1230 1105 stoi

232 1141 423 1202 adversantes
448 1140 702 1217 diversissimapne
727 1142 840 1201 musio·
859 1140 1002 1216 distincti,
1021 1140 1230 1201 nonAlntalian·
1261 1173 1263 1175 ·

233 1241 289 1299 tun.
329 1235 415 1311 Quod
437 1254 526 1315 quum
546 1235 583 1293 nd
602 1242 735 1314 tempora
754 1236 951 1320 remotissima
970 1231 1159 1295 referendam
1179 1235 1228 1309 sit,

232 1330 311 1392 haud
339 1330 429 1391 dublo
461 1332 534 1409 lpse.
550 1322 672 1411 mythos
701 1337 749 1391 est
776 1330 1003 1408 anitiquissimns.
1054 1330 1128 1389 Nam
1155 1330 1228 1391 entis
1308 1344 1311 1352 ·

233 1432 350 1485 nurture
374 1424 506 1485 videmus
533 1425 633 1485 litibus
660 1426 724 1485 istis
749 1426 923 1504 compositis
950 1432 1010 1485 tam
1031 1425 1172 1503 cybelem
1197 1430 1229 1484 et

232 1518 381 1579 Baoehnm
408 1519 487 1580 lustr
507 1518 671 1599 Apollinem
701 1520 861 1581 nGraeois
879 1519 993 1593 nultos,
1020 1538 1105 1597 quam
1127 1519 1164 1581 ad
1185 1520 1228 1578 ei·

232 1614 349 1675 maram
384 1614 483 1675 tibiam
521 1632 637 1694 quoqne
668 1620 819 1695 reoeptann
847 1622 878 1675 et
905 1616 1039 1676 studiose
1065 1616 1227 1675 exercitam

232 1728 311 1771 esse.
348 1708 430 1786 Quid
458 1710 537 1789 qnod
563 1711 621 1787 ipsi
642 1706 769 1788 Ap'ollini
795 1710 934 1770 tibiarum
961 1718 1062 1771 oantns
1086 1716 1228 1788 aoeeptnn

231 1802 397 1865 habetatur
423 1814 454 1867 ot
474 1804 649 1885 olympiadis
670 1803 798 1866 xlviii.
827 1804 1081 1867 annotantem!
1102 1803 1228 1884 Pythion

231 1900 383 1962 tibicinum
405 1900 563 1962 certamina
582 1899 717 1961 instituta
737 1906 815 1960 sunt.
860 1899 921 1960 Sed
941 1899 1228 1962 polemonianus

232 1994 330 2056 lusnrn
349 2001 444 2055 tolum
463 2015 548 2057 suum
568 1996 721 2071 iecerunt,
748 1996 805 2055 iam
826 2014 883 2055 noa
903 2015 921 2054 a
941 1981 1106 2075 peregrinis
1124 1989 1226 2055 tibiam

232 2107 302 2150 sene
321 2092 472 2169 accepisse
481 2090 706 2165 nuniiteloantnr,
726 2090 780 2149 aed
800 2091 838 2151 ab
857 2092 921 2170 ipsa
931 2089 1074 2159 Minerva,
1095 2088 1226 2149 omniun

232 2186 451 2265 penuesellum
471 2186 605 2261 fautrice,
624 2184 769 2245 inventam
789 2203 824 2245 aa
843 2186 901 2246 siti
921 2187 1059 2245 Annalem
1081 2202 1150 2244 esse
1169 2184 1226 2244 An

230 2280 349 2357 penam
385 2281 525 2358 Legimus
544 2282 620 2341 Anno
638 2280 766 2341 fabulam
797 2283 875 2360 apud
893 2280 1053 2341 Pindarum
1065 2279 1132 2357 1⁰),
1159 2298 1226 2337 am-

160 2394 164 2401 ·
230 2372 399 2455 piissimum
418 2378 510 2437 tibine
529 2375 722 2448 laudatorem,
742 2376 799 2436 ita:
820 2376 956 2437 Minerva
975 2383 1132 2453 postquam
1152 2372 1226 2433 Per·

230 2486 331 2543 neom,
362 2468 489 2530 Medusa
506 2478 625 2541 noenta,
655 2470 767 2531 salvum
786 2470 921 2545 reduxit,
940 2470 1110 2549 planetum,
1137 2486 1227 2546 qoem

226 2570 353 2642 proptor
378 2584 511 2626 sororem
531 2567 708 2627 trucidatam
735 2566 913 2645 superstites
932 2565 1089 2644 Gorgonae
1107 2582 1225 2625 earum-

231 2675 291 2735 que
310 2669 464 2740 serpentes
484 2662 655 2735 ediderant,
683 2662 880 2721 instrumento
906 2660 1024 2719 imitans
1042 2666 1104 2718 tem
1123 2658 1225 2720 tililnnn

229 2751 351 2827 laverit,
370 2773 457 2832 quam
477 2758 597 2817 modurn
609 2756 919 2833 'multorumoapitnnn
939 2751 1227 2835 (remoldi-mollaio

142 2864 144 2867 ·
229 2844 364 2925 νόμον),
391 2856 482 2908 tenne
508 2859 786 2927 permeanlem·aea
814 2849 902 2911 simui
922 2854 954 2909 et
973 2851 1116 2924 uniamus,
1142 2857 1226 2910 ortos

229 2943 267 3003 od
289 2942 480 3023 Cephisidem
501 2943 598 3002 luonm
619 2942 670 3017 (ad
697 2943 791 3003 laeum
813 2944 1000 3025 Copaidem).
1049 2945 1116 3004 Hae
1135 2945 1227 3022 igitur

229 3038 332 3101 fabula
352 3044 510 3117 utrumqne
537 3035 628 3110 illud,
657 3040 735 3115 quud
756 3039 829 3099 alias
858 3060 875 3099 a
894 3040 1035 3120 Phrygiis
1055 3040 1225 3100 liticinibus

229 3120 385 3195 ierentnm'
401 3150 469 3192 esse
494 3140 648 3207 narratur,
668 3131 823 3193 Minervae
849 3136 1023 3195 attributum
1050 3138 1114 3193 est:
1144 3132 1225 3211 quod

230 3229 350 3308 quidem
369 3228 501 3288 desinon
513 3229 619 3307 putuit,
639 3228 696 3287 nlsi
715 3228 773 3289 inm
792 3246 899 3306 magno
919 3228 1018 3289 studio
1036 3228 1128 3289 tibiae
1141 3227 1226 3287 inane

229 3344 249 3385 a
269 3324 401 3383 lineola·
414 3321 522 3382 inisset
541 3323 683 3383 exonltus.
730 3323 833 3402 ltaque
862 3326 888 3382 sl
908 3332 1025 3403 lempna
1045 3323 1225 3403 quaerimus,

229 3437 288 3499 qno
308 3417 378 3501 iero
393 3426 458 3477 orta
479 3418 533 3493 sit,
561 3417 805 3477 verisimillimum
826 3419 961 3479 videatur
979 3437 1037 3479 uon
1056 3419 1151 3478 multo
1170 3435 1225 3477 nee

228 3518 300 3575 ante
318 3518 462 3592 neopust
481 3512 677 3592 olympiadem
697 3512 832 3575 xnvili.
853 3532 917 3573 eam
937 3516 1102 3589 exstitisee;
1130 3528 1225 3589 aeque

229 3617 331 3671 autem
350 3607 511 3667 verisimile
531 3617 595 3677 est,
616 3611 694 3685 quod
714 3608 901 3685 Boettigerns
923 3609 1041 3680 statuit,
1066 3629 1084 3668 a
1104 3605 1224 3667 Boemie

228 3701 489 3781 eomproientaua
518 3720 594 3762 esse.
634 3701 773 3763 Omnium
803 3702 882 3761 enim
908 3702 1091 3763 Graecorum
1111 3701 1225 3776 Boeoti,

230 3798 338 3878 quibus
366 3803 472 3857 natura
498 3798 586 3857 etiam
606 3797 737 3856 onlamos‘
761 3796 798 3855 nal
816 3796 907 3856 tibias
925 3797 1112 3858 fabricandas
1129 3797 1225 3873 aptis-

229 3894 323 3955 simos
343 3891 488 3970 praebuit,
509 3890 723 3951 studiosissime
741 3892 834 3952 tibiae
852 3890 949 3950 insum
965 3897 1161 3953 exerenernnt
1179 3897 1225 3949 at·

229 4008 289 4069 que
316 3986 481 4047 illinemm
506 3986 577 4049 indo
600 3986 637 4048 ab
666 3985 888 4063 antiquissimis,
903 3986 1086 4066 temporibus
1110 4002 1226 4046 summa

300 4234 328 4304 9)
344 4237 468 4305 Apollod.
486 4234 577 4305 ΝΑ
608 4236 709 4289 Herod.
725 4234 789 4299 ill,
805 4232 849 4288 dd.
865 4234 987 4303 Xenopln
1004 4234 1089 4289 Anao
1105 4234 1135 4298 Ι,
1150 4230 1182 4297 t,
1196 4229 1223 4283 8.

233 4321 311 4377 liloi.
329 4320 383 4375 sto.
400 4320 448 4384 111,
464 4318 507 4371 dd.

288 4403 334 4475 ιο)
350 4404 433 4477 Ppon.
449 4403 510 4469 xil,
528 4400 650 4458 18-21.
662 4400 705 4456 of.
723 4420 750 4457 r.
767 4402 794 4457 d.
