3259 5367
741 536 790 607 19

265 704 306 777 θ’
329 709 513 794 δατιμμτδς
532 706 596 787 itis
615 706 773 792 ὀμμάτων,
792 707 871 791 ἔρως
887 712 953 776 ιιτλ.
991 708 1111 775 Vim‘et
1128 717 1261 778 uatunm

267 812 386 885 Amoris
417 811 465 871 his
493 810 624 872 versibus
657 807 846 887 lepidissimis
874 827 944 869 vere
974 808 1089 888 poetice
1113 808 1260 871 laudatam

268 905 414 969 videmus.
457 904 618 968 vocabulis
648 900 712 979 ῑξδς
739 901 889 983 ὀμμάτων
921 904 1075 982 epitheton
1105 904 1279 983 acceptando·

265 1002 434 1064 adiunctum
455 1009 502 1061 est
522 1002 647 1061 extrito
667 1000 1025 1079 poetarumllraecorum
1044 1019 1118 1074 usu,
1145 1020 1182 1061 ex
1201 1020 1258 1078 quo

265 1098 296 1159 iu
325 1097 584 1160 circumlocutione
610 1096 827 1175 periphrastioa
852 1098 1006 1175 epitheton
1024 1116 1092 1157 cam
1112 1114 1148 1158 eo
1168 1114 1259 1175 copu‘

264 1193 343 1265 hut,
374 1192 455 1271 quod
483 1192 667 1272 periphrasin
691 1191 773 1255 iacit.
795 1193 837 1253 cl.
857 1191 965 1253 Matth.
985 1191 1039 1253 (ir.
1058 1211 1088 1271 p.
1108 1194 1177 1253 roe.
1195 1190 1258 1251 Lo·

264 1288 347 1351 hecir.
369 1288 406 1347 ad
427 1286 568 1366 Sophocl.
589 1289 636 1349 di.
656 1308 683 1348 v.
704 1292 733 1349 l.

411 1557 998 1627 Ᾰυ-υᾸυ-υᾸυ-υέυ-

420 1672 433 1706 Ι
584 1674 597 1709 Ι
748 1676 761 1711 Ι
913 1676 925 1712 Ι

358 1709 486 1869 ’1101th
509 1709 723 1874 δικιμηριάῖιηκευ
730 1712 850 1851 nolet
861 1712 932 1871 μὲν
945 1712 1085 1875 dramni

360 1891 514 1985 σώματος
533 1894 616 1991 μέρη
640 1892 789 1989 δαμάζετ’
812 1896 847 1969 ἐν
869 1894 1105 1990 ductorductor
1131 1900 1196 1988 γᾶς
1211 1890 1257 1991 ⁶).

341 2008 406 2069 Hos
426 2028 527 2070 versus
549 2012 721 2074 Athenaeus
742 2030 778 2073 ex
799 2011 1012 2075 Anaxandridis
1033 2011 1186 2074 comoedia
1202 2006 1274 2096 AE',

261 2101 342 2185 σχρά
361 2105 513 2173 servavit..
537 2106 638 2169 Verha
659 2108 723 2171 eius
741 2104 794 2184 (X,
813 2110 882 2170 455.
903 2107 954 2185 F.)
974 2109 1050 2170 haec
1070 2115 1153 2169 sunt:
1169 2098 1259 2169 Ἀνα-

259 2196 431 2279 ξανδρδδης
449 2198 485 2262 δὲ
495 2199 635 2284 Αἰσχρᾷ·

333 2288 465 2375 Ἀρτίως
483 2296 675 2380 διηρτάμηκε
694 2295 749 2360 καὶ
766 2296 806 2361 τά
825 2296 885 2380 μὲν
903 2296 1032 2379 διανεκῆ

341 2394 489 2472 σώματος
507 2391 589 2476 μέρη
609 2392 753 2475 δαμάζετ’
774 2392 809 2459 ἐν
829 2394 1055 2476 πυριατάιτοισι
1072 2396 1145 2474 γᾶς·

343 2489 499 2571 Τιμόθεος
518 2486 580 2573 ἔφη
598 2486 682 2571 ποτ’,
702 2490 828 2574 ανδρες,
847 2488 907 2574 τὴν
915 2492 1035 2573 χύτραν
1048 2484 1137 2570 οἶμαι
1147 2486 1258 2569 λέγων.

336 2586 447 2667 hleguo
468 2596 582 2651 tumore
602 2592 651 2651 his
671 2592 808 2653 versibus
835 2592 932 2651 coctio
952 2590 1048 2651 cernis
1070 2587 1260 2649 describitur.

261 2680 443 2744 Vooruuinm
465 2680 596 2767 διανεκῆ
612 2687 678 2749 sine
692 2686 784 2748 dubio
810 2686 848 2747 sd
872 2685 1103 2763 magnitudinem
1132 2682 1259 2762 partium

259 2776 405 2857 pertinet,
431 2799 498 2841 nam
530 2784 682 2843 continuas
710 2780 832 2841 dissecti
851 2782 984 2859 corporis
1003 2787 1105 2858 partes
1125 2778 1184 2839 dici
1201 2795 1260 2837 noa

258 2889 349 2953 posse
375 2891 463 2934 nemo
491 2894 549 2937 nun
575 2875 666 2934 videt.
705 2866 851 2951 δαμάζετ’
878 2870 914 2935 ἐν
939 2871 1166 2953 πυρικτάποισι
1191 2874 1273 2951 pole,-

258 2968 405 3046 coquehat
428 2968 460 3027 iu
487 2969 554 3029 ollis
580 2968 709 3029 terrenis
735 2969 806 3046 igne
831 2972 1041 3049 strepentibus.
1080 2970 1165 3031 Haec
1187 2984 1260 3028 sanc

257 3065 299 3131 ita
328 3061 410 3123 dicta
437 3068 524 3138 sunt,
565 3069 600 3124 ut
628 3063 740 3125 comico
768 3064 908 3144 carpendi
942 3085 1044 3127 ansam
1073 3066 1259 3145 praeberent.

258 3158 360 3222 Verha
387 3162 485 3218 tamen
513 3178 572 3221 non
592 3160 689 3221 solum
717 3152 752 3221 ἐν
770 3157 996 3236 πυρικτύιτοισι
1013 3166 1082 3239 μᾶς,
1109 3157 1162 3220 sed
1181 3161 1261 3219 inte-

258 3271 329 3334 gros
357 3251 423 3312 illos
444 3271 549 3316 versus
570 3254 723 3317 Timothei
743 3274 812 3317 esse
835 3276 906 3336 prae
924 3258 1032 3317 ceteris
1052 3256 1151 3316 dorica
1170 3271 1260 3315 voca·

258 3348 320 3411 huli
349 3344 478 3429 διανεκῆ
504 3349 602 3411 forma
631 3352 782 3431 probetur.
848 3350 963 3414 Versus
1002 3357 1071 3412 sunt
1096 3348 1259 3411 tetrametri
1337 3368 1342 3381 ·

257 3444 402 3506 trochaici
429 3444 611 3521 catalectici,
637 3465 675 3506 eo
703 3448 852 3528 insigues,
882 3446 961 3524 quod
988 3449 1143 3508 trochaeos
1171 3445 1258 3526 plene

259 3557 351 3619 puros
371 3546 505 3611 servant,
527 3540 632 3618 quales
650 3556 761 3603 versus*
774 3543 955 3623 antiquiores
975 3542 1078 3621 lyrici,
1097 3547 1132 3601 ut
1151 3539 1257 3600 Archi-

138 3650 155 3703 ,·
257 3634 379 3710 lochos,
409 3643 657 3716 composuerunt,
685 3658 774 3717 quum
801 3639 905 3717 tragici
931 3638 1079 3698 trochaeis
1099 3635 1258 3716 spondeos,

261 3731 364 3789 comici
391 3732 479 3792 etiam
505 3738 680 3810 anapaestos
707 3724 915 3795 admiscerent.
943 3732 981 3794 oi.
1013 3732 1147 3807 From,
1170 3731 1257 3791 Grio-

260 3824 452 3886 cht'soh-rdnr.
475 3823 593 3887 Metrtt
609 3848 642 3908 p.
665 3829 732 3888 152.

723 3954 791 4020 XV.

201 4142 209 4155 .
460 4063 571 4163 dudio
586 4061 715 4162 Ἀρεως.
765 4160 771 4179 ‚

336 4176 505 4241 Athenaeus
526 4180 564 4259 X,
593 4185 671 4246 tot:
698 4180 765 4249 cdo
793 4178 836 4245 δν
854 4179 995 4300 1άμάητιιι
1014 4180 1049 4249 δέ
1074 4205 1123 4261 τις
1146 4184 1200 4251 cat
1218 4184 1255 4252 ιδ

325 4320 354 4389 ⁶)
370 4338 397 4373 v·
414 4320 439 4373 2·
457 4340 505 4392 pro
522 4325 876 4398 noprndunottetnettn·
892 4328 987 4383 comio.
1005 4328 1040 4384 fr.
1058 4333 1077 4385 t
1094 4329 1142 4386 lll.
1159 4326 1253 4397 plot

257 4403 370 4457 wuiecit
385 4409 576 4477 ιτνηιιιτίτοιτι.
