3259 5367
844 562 894 643 le

367 758 487 805 versum
511 738 636 803 iaciunt.
675 735 791 801 Versus
819 736 985 816 lagsoedici
1003 734 1189 798 astutissimi
1210 740 1314 811 arsat,
1342 742 1373 799 ct

365 835 556 917 asynsrtetici
592 852 709 913 quoque
742 834 888 913 leguntur.
946 833 1141 910 stropharum
1168 837 1269 899 autom
1294 832 1375 893 clau·

367 934 432 995 sata
461 931 634 1010 saepissime
660 928 791 991 allicitur
810 930 927 992 Adonio
954 947 1041 992 versu
1069 920 1235 1005 (dactylico
1255 926 1373 991 dimctr.

368 1028 452 1091 ootnl.
481 1028 511 1087 iu
538 1026 767 1104 dissyllabum),
797 1026 945 1104 dactylico
971 1023 1097 1101 simplici
1126 1022 1283 1103 dupliciter
1312 1032 1374 1084 tro-

367 1125 486 1195 ohsico,
517 1121 719 1200 ltbyphallico.
761 1120 873 1181 Omnes
900 1120 1019 1180 ordines
1044 1119 1160 1198 saepius
1181 1120 1272 1179 soluti
1291 1120 1374 1179 inve-

366 1219 494 1291 niuntur,
515 1235 721 1295 nonnunquam
742 1224 852 1290 tamen,
873 1218 923 1277 ubi
943 1235 991 1275 res
1012 1214 1095 1287 fert,
1115 1214 1289 1291 gravissimo
1308 1234 1373 1275 me-

366 1321 413 1375 tro
442 1313 593 1375 incedunt.
650 1313 734 1373 anis
761 1312 889 1391 denique
918 1330 977 1374 non
1006 1329 1072 1370 rsro
1098 1310 1215 1371 videtur
1242 1310 1374 1372 adhibita

366 1429 434 1471 esse
448 1409 508 1486 ⁶⁹).

445 1504 582 1565 Dictione
608 1502 656 1581 psi
676 1507 745 1562 sunt
765 1502 852 1581 plane
872 1522 925 1574 ea,
956 1520 1032 1579 quae
1058 1501 1117 1560 iam
1139 1497 1252 1559 dudum
1272 1500 1373 1576 dithy-

325 1621 329 1642 *
366 1600 470 1660 rnmbo
503 1598 629 1658 inanime
666 1599 823 1658 convenire
848 1599 1010 1657 ridebatur.
1070 1595 1195 1672 Insignis
1222 1602 1269 1655 est
1297 1595 1374 1655 euim

368 1704 485 1755 tumore
506 1694 632 1771 quodam
663 1694 914 1773 descriptionum,
948 1692 1144 1752 cumulatione
1174 1691 1375 1769 epithetorum

368 1789 599 1869 compositorum
632 1796 663 1850 ct
689 1789 955 1869 grandisonorum‚
994 1786 1099 1847 audaci
1130 1805 1187 1845 usn
1216 1788 1373 1847 verborum

366 1884 586 1945 translatorum.
627 1884 780 1947 Dialectus
800 1890 848 1945 est
867 1884 960 1960 dorio,
981 1902 1074 1961 caque
1093 1901 1148 1961 per
1159 1882 1277 1943 atticsm
1289 1881 1374 1942 valde

365 1980 507 2058 mitigata.
1430 2056 1433 2062 Ι

445 2075 529 2152 Quae
557 2096 647 2154 quum
676 2076 717 2139 ita
746 2078 822 2148 sint,
852 2076 899 2135 vix
926 2076 1078 2154 qaisquam
1105 2072 1241 2133 dubitare
1260 2076 1373 2150 potest,

366 2172 439 2252 quin
463 2178 572 2251 poetae
600 2172 645 2232 illi
673 2174 744 2233 artis
773 2172 884 2251 formas
914 2170 1127 2249 locupletiores
1154 2172 1186 2227 et
1215 2166 1372 2244 ampliores

366 2266 501 2346 fecerint.
552 2269 593 2327 nt
628 2272 796 2345 qrrseritur,
834 2286 904 2325 num
936 2284 1025 2324 verae
1055 2264 1129 2324 ortis
1159 2263 1250 2323 finem
1276 2261 1372 2341 respi-

366 2364 480 2422 cientes
508 2363 605 2439 pulcri
632 2382 667 2421 nc
688 2364 776 2421 divini
797 2362 882 2438 quasi
902 2360 1060 2419 simulacra
1079 2359 1237 2431 finxerint,
1267 2359 1372 2435 quibus

365 2457 502 2517 homines
529 2474 625 2531 aeque
652 2455 873 2515 delectarentur
893 2462 981 2534 atque
1001 2456 1038 2514 ad
1060 2456 1149 2515 vitam
1170 2454 1301 2516 sanctius
1314 2459 1372 2512 'co-

364 2551 481 2611 lendam
501 2551 755 2629 protraherentur.
794 2550 892 2611 Multa
911 2557 995 2624 suut,
1016 2570 1103 2628 quae,
1121 2551 1278 2627 cornminus
1297 2550 1374 2609 hunc

364 2646 483 2707 laudem
503 2645 542 2704 iis
561 2646 746 2719 tribuamus,
780 2647 945 2724 prohibent.
994 2646 1177 2725 Comparatio
1199 2646 1277 2705 errim
1292 2644 1373 2731 anti·

366 2760 491 2820 quorum
513 2740 691 2818 scriptoram
720 2742 838 2803 iudiciis
859 2761 926 2801 cum
946 2742 1080 2821 ipsoram
1100 2743 1252 2820 reliquiis,
1282 2758 1373 2818 spps·

365 2838 412 2893 ret
439 2832 527 2891 nimis
555 2852 608 2891 eos
634 2832 793 2893 indulsisse
819 2834 900 2911 vulgi
927 2835 1063 2909 arbitrio,
1096 2855 1192 2915 aqam
1221 2842 1286 2895 tum
1312 2835 1371 2894 iam
1477 2879 1478 2886 ι

365 2942 421 2989 non
433 2928 534 2989 'solum
548 2930 727 3007 respublica,
750 2930 804 2990 sed
818 2932 909 2989 etiam
920 2950 969 2993 ars
982 2930 1238 3011 dependebat⁶³).
1268 2930 1373 3008 ltaque

365 3043 454 3101 quum
475 3043 534 3085 uon
554 3026 590 3084 ab
612 3045 665 3099 eo,
694 3025 915 3101 quadrarum,
937 3029 1093 3101 decorum,
1121 3028 1259 3107 pulcrum
1279 3032 1372 3096 esset,
1477 3023 1478 3028 ’

364 3119 419 3179 sed
440 3119 476 3179 ab
498 3138 544 3193 eo,
566 3122 645 3198 quod
660 3121 840 3181 multitudini
861 3123 1005 3200 placeret,
1026 3124 1097 3180 artis
1117 3122 1216 3199 legem
1237 3126 1269 3180 et
1289 3122 1371 3199 quasi

364 3232 497 3274 normam
521 3217 578 3274 sibi
597 3219 760 3287 sumerent,
781 3234 839 3275 non
860 3223 995 3295 poteraut
1014 3234 1072 3275 uon
1093 3217 1230 3293 somogia
1251 3236 1268 3274 a
1290 3221 1373 3275 recta

363 3308 408 3365 via
428 3311 575 3381 aberrare,
599 3310 771 3385 quominus
792 3310 868 3371 hacc
889 3311 1023 3371 honestis
1045 3310 1152 3368 studiis
1173 3309 1272 3368 dedita
1293 3318 1368 3369 erat.

364 3399 489 3459 Factum
510 3408 558 3483 est
577 3403 678 3479 igitur,
700 3411 732 3463 ut
753 3408 890 3466 sensibus
902 3407 1100 3467 blandimenta
1120 3403 1272 3479 afferrent,
1291 3424 1371 3467 nunc

416 3634 460 3699 62)
477 3633 668 3687 Alliterationis
682 3652 786 3704 quoqne
802 3642 929 3693 nonnullo
945 3642 1070 3708 exempla
1082 3640 1265 3709 fragmentum
1278 3638 1300 3691 1.
1314 3637 1370 3690 Το-

363 3716 438 3769 lestis
449 3717 565 3769 exhibet.

417 3801 460 3867 ⁶³)
475 3800 552 3853 Unde
571 3802 651 3859 etiem
668 3804 810 3873 rhythmus
825 3823 920 3858 aarum
944 3814 1052 3875 postero
1077 3812 1197 3876 tempora
1216 3805 1369 3872 appellatus

364 3886 405 3935 est
425 3885 625 3953 φιλάνθρωπος
642 3893 668 3939 et
683 3888 842 3955 θεματικός.
876 3893 945 3943 Plnt.
967 3892 1001 3942 de
1019 3909 1088 3943 must
1108 3891 1149 3943 12.
1185 3894 1260 3942 llaec
1283 3902 1369 3940 vocn-

363 3967 427 4018 bula
447 3974 535 4032 recte,
556 3976 584 4022 ut
606 3972 725 4037 videtur,
744 3973 869 4027 Barettus
885 3976 1072 4043 interpretatus
1094 3981 1147 4035 est,
1167 3974 1212 4041 qni
1229 3970 1364 4041 psldsdp.

363 4049 427 4101 dicit
445 4052 603 4119 rhythmum
624 4056 787 4108 nominatum
808 4076 866 4111 esse
886 4077 960 4125 eum,
992 4060 1039 4127 qui
1058 4058 1212 4111 homiuibus
1235 4058 1365 4124 placaret,

362 4135 461 4199 θεματ.
481 4153 551 4200 eum,
571 4137 662 4203 quiin
683 4140 845 4203 carminibus
866 4143 899 4195 de
917 4144 1004 4211 pretio
1020 4142 1157 4211 proposito
1180 4141 1294 4193 cantetis
1315 4140 1368 4193 nd-

363 4216 506 4272 hiberetnr.
548 4220 638 4275 Simili
653 4239 733 4277 sensu
748 4228 911 4280 vocabulum
933 4226 1064 4297 ortaivdp.
1088 4232 1247 4293 usurpatam
1264 4227 1304 4276 est
1329 4223 1365 4275 ab

360 4300 502 4355 Aristotele
517 4310 588 4371 poet.
606 4306 655 4372 13,
673 4308 698 4359 1.
731 4308 881 4377 depuranda
905 4305 981 4379 dysis
1002 4311 1111 4380 saepius
1127 4309 1278 4365 namnum
1303 4323 1365 4361 ⁶⁰¹·-

360 4388 449 4441 tamon
467 4388 501 4441 de
520 4388 605 4455 pretio
623 4392 768 4460 proposito.
