3259 5367
663 556 770 629 bl

251 734 301 799 sris
320 752 389 797 essa
408 733 586 813 responait,
604 732 717 814 quippe
736 750 811 811 quae
830 730 1012 794 ablioarrss
1029 732 1242 814 lngenloplaus

252 830 425 893 abhorreat.
438 859 475 873 -·-
494 828 525 891 ol
541 828 604 908 γάρ
629 849 682 892 nov
712 826 879 907 εὐηράτοιο
905 826 1034 903 κάλλεος
1061 820 1243 906 όξῗις,ἔοως

252 920 382 1005 hespero
411 921 523 1003 ratpero
540 946 631 1005 quum
658 926 707 985 alii
734 924 859 985 allectus
886 924 1030 1002 dicuntur,
1057 927 1108 1006 qul
1133 942 1242 1006 corpus

252 1022 417 1102 infringunt
443 1028 475 1081 et
494 1026 660 1096 macerant,
689 1030 752 1083 tum
772 1020 930 1081 vehemens
955 1038 1036 1081 amor·
1058 1030 1090 1082 et
1108 1022 1157 1081 bic
1177 1022 1243 1101 qai·

253 1117 324 1177 dem
343 1115 504 1177 venustatis
525 1134 624 1185 amor,
651 1118 736 1177 cuins
755 1116 800 1175 ris
820 1134 875 1195 per
893 1117 1046 1193 epltbstcn
1066 1113 1140 1192 ὀξύς
1159 1117 1243 1177 indi·

255 1220 321 1272 crta
341 1213 411 1271 boio
439 1212 560 1271 effectui
586 1215 661 1273 bene
688 1210 859 1290 respondet.
898 1197 972 1289 ἆγε
990 1212 1068 1273 baud
1088 1214 1178 1273 dubie
1196 1218 1244 1274 est

255 1306 382 1384 genuina
401 1306 505 1380 lectio;
524 1304 585 1385 γάρ
605 1306 654 1366 liic
672 1312 742 1385 post
761 1292 781 1382 ᾇ
801 1306 897 1367 Ιοτοιιι
917 1325 975 1367 οοο
994 1308 1086 1368 babet
1104 1312 1137 1368 et
1154 1308 1245 1369 fsclle

256 1418 381 1463 eversa
402 1402 592 1461 antecedente
612 1401 720 1461 intrudi
740 1399 847 1479 potuit.

334 1495 372 1561 V,
392 1495 439 1553 ll.
460 1497 506 1558 12.
527 1516 544 1556 a
562 1495 722 1573 vaniloquis
749 1495 900 1555 Musarum
928 1496 1090 1559 cultoribus
1114 1497 1247 1559 odiosam

257 1587 344 1648 istam
371 1588 497 1649 tabulam
520 1592 673 1651 ‚inventam
698 1595 730 1649 et
753 1589 930 1668 divulgatam
959 1610 1027 1653 csse
1053 1592 1188 1655 effertur.
1206 1625 1248 1639 -·

258 1681 426 1763 ἀχόρευτος
440 1682 532 1764 φάμα
551 1684 771 1764 ματαιολόγων
787 1684 1045 1769 μουσοπόλον-
1060 1689 1155 1749 tristis
1168 1686 1249 1749 lama

257 1786 410 1859 poetarum
430 1782 661 1861 vaniloquorum.
713 1778 881 1860 ἀχόρευτος
906 1782 998 1862 φάμα
1020 1789 1156 1844 nontam
1176 1784 1249 1843 cbo·

259 1895 357 1936 rorum
378 1876 510 1951 inimica,
536 1883 571 1937 ut
590 1876 885 1955 Schweighaeuserus
911 1880 1136 1957 interpretatur,
1161 1895 1250 1955 quam

260 1971 356 2031 aistis
380 1972 480 2031 labala
501 1954 665 2031 exanimo
692 1973 729 2031 ab
755 1973 904 2038 hilaritate
929 1973 1025 2032 alieno
1050 1979 1082 2032 et
1101 1974 1251 2034 obtrecta-

260 2064 335 2127 tioni
368 2068 536 2145 indulgente
571 2068 724 2145 profecta.
739 2072 865 2127 notatur.
932 2066 1064 2129 Verbum
1089 2062 1251 2147 epactae,

262 2162 340 2240 quod
361 2162 431 2221 ullas
450 2180 517 2223 com
530 2162 623 2222 dativo
639 2163 825 2223 coniunctum
844 2162 986 2235 ridemus,
1006 2163 1056 2222 bic
1070 2164 1252 2257 accusativae
1284 2209 1288 2215 -

261 2258 402 2333 seqnitur.
457 2256 516 2318 Sed
549 2258 688 2335 pleraque
719 2258 808 2317 verba
834 2275 900 2317 cum
926 2258 1145 2335 praepositione
1173 2257 1253 2337 ιιοός

262 2352 417 2412 coniuncto
428 2353 562 2432 ambigua
582 2359 651 2413 surrt
670 2358 701 2412 ct
719 2353 952 2426 mundativam,
971 2372 1048 2413 nunc
1057 2356 1253 2417 accusativum
1302 2372 1307 2385 '

262 2446 428 2525 reprrlrunt3
443 2435 473 2507 s.
494 2446 601 2509 Mattb.
623 2449 674 2509 Gr.
696 2446 727 2525 §-
749 2448 820 2507 402.
840 2448 869 2509 b.
890 2447 1029 2508 Ceterum
1045 2439 1114 2509 vere
1132 2451 1253 2527 poetice

262 2540 313 2600 illa
330 2542 487 2602 dictaesse
506 2561 593 2604 nemo
610 2562 667 2605 non
691 2544 779 2604 videt.
819 2540 920 2603 Verbo
944 2548 1047 2621 σοφᾶς
1073 2539 1254 2623 ἐπίφθονον

263 2632 392 2713 βροτοῖς
418 2632 528 2717 τέχνας
556 2637 677 2712 ὄνειδος
702 2640 744 2699 its
771 2639 1013 2699 antecedentibus
1038 2658 1150 2701 annexa
1174 2646 1253 2716 oms,

263 2736 297 2791 ut
316 2732 444 2793 fabulam
465 2735 559 2812 qualis
580 2738 619 2795 sit
639 2732 801 2794 accuratius
812 2734 969 2796 deliniant:
989 2737 1153 2814 couvlcium
1168 2754 1254 2817 egre·

263 2826 328 2907 giae
348 2828 420 2887 artis
440 2828 609 2888 bominibus
630 2830 773 2887 odiosum.

340 2919 380 2983 V·
402 2923 448 2982 1³.
469 2923 517 2983 14.
538 2921 625 2996 Quod
636 2920 786 3000 hucusque
806 2920 940 3001 coutlglt
960 2927 994 2979 ut
1013 2942 1071 2983 nou
1084 2923 1254 3010 uiuipaucis

264 3015 336 3075 levis
363 3014 481 3076 medela
508 3015 673 3075 adhibenda
700 3014 807 3097 luerit,
832 3033 889 3077 non
918 3014 1007 3075 etiam
1032 3018 1062 3076 io
1080 3020 1128 3079 bls
1148 3021 1255 3082 evenit.
1322 3069 1325 3075 ,

263 3111 403 3173 Attamen
423 3128 461 3171 ue
478 3112 552 3171 haec
574 3111 690 3189 quidem
712 3130 747 3196 ea
767 3115 853 3187 sunt,
874 3110 913 3171 de
932 3113 1037 3189 quibua
1057 3119 1139 3173 recte
1158 3113 1256 3175 corri-

170 3288 173 3295 Ι
264 3208 368 3286 gendis
395 3224 518 3286 prorsus
547 3206 750 3289 desperemus.
790 3204 864 3265 Nam
885 3207 978 3284 prima
998 3210 1086 3269 verbs
1104 3207 1256 3290 Schweig-

263 3302 438 3363 haeuserum
458 3307 542 3361 recte
555 3302 742 3363 constituisse
761 3307 850 3379 puto3
872 3301 1069 3380 deluderem,
1085 3324 1175 3382 quum
1194 3298 1257 3384 ἐρι-
1326 3347 1328 3352 -
1414 3355 1416 3358 .

263 3396 440 3473 descrendo,
460 3397 625 3457 casauboni
643 3394 883 3475 περοθειοτάταν
901 3405 935 3459 ut
953 3417 1025 3458 voce
1036 3402 1176 3461 inusitata
1195 3403 1257 3463 eie·

265 3498 326 3567 cta,
356 3494 524 3572 scripserit,
553 3510 611 3552 non
639 3494 735 3553 minus
763 3493 934 3553 inusitatum
954 3497 1127 3558 vocabulum
1147 3512 1257 3576 propo-
1281 3560 1284 3565 ,

264 3588 331 3648 suit.
357 3588 460 3665 ltaque
480 3589 516 3645 ab
530 3589 588 3657 boc
601 3587 747 3648 decedens
768 3587 823 3647 snb
835 3588 881 3662 iis,
903 3608 978 3666 quae
996 3592 1026 3652 in
1040 3593 1192 3664 codicibus
1211 3593 1257 3653 lu·

265 3685 431 3757 veniuntur,
466 3691 538 3761 puto
566 3678 824 3761 ἐριβρομοοτάταν
849 3683 957 3755 latere,
992 3689 1165 3749 vocabulum
1198 3706 1260 3750 uon

265 3780 353 3839 modo
374 3780 445 3837 satis
464 3780 619 3852 usitatum,
649 3780 701 3837 sed
729 3780 819 3840 etiam
846 3781 964 3840 solitum
982 3783 1121 3843 tibiarum
1141 3784 1260 3863 epithe-

266 3880 317 3935 ton
343 3880 431 3951 otque
459 3874 644 3935 ceteris'lllls
664 3873 793 3935 Telestis
822 3876 922 3935 serbis
940 3878 1261 3941 convenientissimum.

266 3968 326 4029 lam
355 3970 433 4029 enim
462 3988 565 4030 versus
592 3968 635 4029 illi
660 3970 704 4029 sic
730 3971 942 4047 interpretandi
960 3979 1043 4033 sunt:
1069 3973 1144 4033 banc
1169 3974 1262 4054 igitur

267 4061 401 4144 (artem)
428 4064 552 4143 strepitu
578 4064 699 4143 plenam.
722 4066 780 4125 deo
814 4066 970 4145 strepitum
997 4075 1115 4147 praeter
1140 4077 1261 4131 ceteros

267 4159 426 4221 concitanti
458 4159 574 4219 dorravit
597 4167 715 4221 sanotae
740 4161 813 4220 deae
848 4160 942 4221 elatos
975 4162 1114 4242 spiritns,
1140 4163 1260 4225 adiutus

267 4254 438 4314 volubilium
474 4254 694 4335 splendidarum
727 4275 867 4316 manuum
902 4257 1065 4321 celeritate.
1122 4256 1189 4320 'His
1215 4259 1260 4321 ita

268 4348 436 4411 constitutis
463 4370 550 4429 quam
578 4369 637 4414 nou
662 4352 754 4413 semel
780 4354 907 4430 experti-
920 4371 1022 4415 sumus
1041 4352 1172 4417 Telestis
1190 4372 1257 4417 ser·
