3259 5367
403 710 527 771 alterum
547 707 851 788 nomicumnpolliun
869 711 961 772 cultui
979 710 1140 773 inserviens
1150 707 1191 785 ⁸).
1231 711 1398 793 Utriusque

373 864 377 871 .
404 814 502 868 autum
521 807 645 885 generis
656 808 721 883 ipsa
740 806 868 866 carmine
886 807 963 867 inter
982 826 1025 881 se,
1044 806 1188 886 imprimis
1209 813 1397 887 urgnmeuto‚

402 902 486 962 valde
506 902 690 963 differebant
729 902 859 961 Primum
879 904 955 963 euim
975 903 1002 963 si
1018 901 1219 989 dithyrambos
1233 921 1395 981 percense-

402 1017 478 1071 mus‚
493 997 543 1059 ulii
555 1000 665 1077 abipso
677 998 802 1073 llaocbo,
822 997 873 1056 alii
894 1005 1095 1075 argumentum
1110 996 1228 1057 aliunde
1242 1004 1394 1076 sumntum

403 1095 556 1155 habebant.
594 1092 759 1154 interillos
780 1110 897 1153 carmen
917 1092 1104 1153 referendum
1124 1100 1180 1164 est,
1205 1095 1284 1170 quod
1300 1084 1395 1155 ’tibba

403 1190 616 1253 inscribebatur
646 1194 678 1249 et
708 1188 816 1248 Brachi
850 1194 945 1247 ortum
977 1187 1154 1247 celebrabat.
1201 1188 1277 1263 ,Quo
1303 1209 1396 1267 quum

404 1285 515 1347 nullum
535 1284 683 1362 antiquius
703 1289 786 1343 esset
803 1282 981 1359 ditbymmbi
1000 1288 1215 1360 argumentum,
1241 1282 1398 1343 nilrbomi—

404 1370 614 1462 nus'aeqirales
633 1392 669 1439 eo
689 1378 814 1438 maxime
834 1377 940 1437 offensi
959 1384 1041 1451 sunt,
1065 1382 1098 1437 et
1117 1377 1255 1457 Spartani
1274 1378 1397 1455 quidem

403 1481 461 1535 tum
481 1481 604 1555 propter
633 1476 798 1533 indecoram
825 1472 942 1532 labnlae
967 1472 1181 1552 expositionem
1211 1492 1300 1551 quam
1318 1492 1397 1551 pro-

402 1578 470 1649 pter
496 1570 681 1630 artificiosam
708 1567 902 1658 frivolumque
922 1568 1063 1627 musicam
1074 1566 1115 1644 ⁹),
1136 1566 1320 1628 Strotoulcns
1337 1588 1396 1629 au-

402 1670 479 1738 tem,
509 1664 597 1724 bomo
618 1663 815 1724 facetissimus
836 1670 866 1723 et
890 1666 955 1743 ipse
980 1668 1084 1742 poeta,
1108 1671 1233 1743 propter
1257 1662 1397 1725 Semelae

336 1756 339 1767 '
401 1759 592 1839 parturientis
619 1759 757 1819 eiulatum
780 1759 838 1838 1⁰).
894 1761 1030 1839 Apparet
1055 1760 1145 1838 igitur
1174 1757 1396 1837 dithyrambum

290 1900 292 1907 >
402 1857 492 1915 istum
518 1874 576 1915 nou
602 1860 663 1913 tam
688 1855 719 1913 iu
747 1853 904 1915 efferendis
930 1855 1039 1914 Bacchi
1067 1854 1222 1929 laudibus,
1247 1872 1334 1931 quam
1363 1856 1397 1916 iu

402 1950 504 2010 matris
538 1951 725 2029 parturientis
758 1951 909 2012 doloribus
942 1957 1115 2028 occupatum
1149 1956 1240 2027 utque
1273 1948 1396 2011 omuino

400 2048 441 2105 ita
469 2052 668 2124 comparatum
687 2046 797 2122 inisse,
828 2053 862 2107 ut
886 2046 1068 2125 petulantem
1086 2045 1309 2105 Atheniensium
1328 2052 1395 2106 tur-

402 2142 469 2201 bam
490 2148 623 2201 moveret
641 2148 672 2202 et
689 2141 860 2217 delectaret,
881 2142 934 2203 sed
954 2161 971 2200 a
989 2160 1076 2202 verae
1093 2142 1167 2200 artis
1186 2140 1288 2219 specie
1306 2160 1395 2221 pror-

402 2256 452 2297 sus
472 2236 654 2297 abhorreret.
693 2238 835 2298 Ceterum
855 2238 941 2298 buius
961 2236 1151 2315 dithyrambi‚
1171 2238 1223 2314 qui
1242 2237 1319 2296 illius
1337 2255 1394 2313 ge-

401 2332 483 2393 neris
504 2332 593 2392 etlam
613 2334 716 2393 unicus
737 2342 800 2407 est,
829 2334 911 2393 cuius
941 2332 1068 2408 aliquam
1085 2332 1225 2392 notitiam*
1238 2332 1395 2406 habemus,

401 2446 439 2487 ne
465 2446 567 2488 versus
596 2429 714 2505 quidem
743 2429 894 2489 remansit.
948 2425 995 2487 Ex
1020 2427 1079 2487 bac
1104 2434 1189 2506 parte
1213 2428 1396 2504 aliquantum

402 2522 507 2581 melius
534 2522 619 2587 nobis
640 2522 806 2583 consultum
827 2531 875 2585 est
902 2524 940 2583 de
964 2523 999 2581 iis
1026 2522 1222 2600 dithyrambis
1229 2567 1251 2599 ,,
1268 2540 1396 2600 quorum

402 2622 604 2695 argumentum
629 2637 647 2675 a
672 2618 790 2678 Baccho
818 2620 945 2678 alienum
972 2622 1043 2679 crat.
1082 2617 1213 2695 Contigit
1239 2617 1329 2689 euim,
1359 2623 1397 2676 ut

400 2713 508 2772 horum
526 2728 563 2771 ex
582 2728 641 2770 uno
662 2717 753 2785 certe,
772 2713 824 2791 qui
835 2712 963 2791 Cyclops
983 2712 1172 2788 inscribitur,
1201 2712 1312 2789 aliquot
1330 2710 1395 2771 iru-

402 2813 521 2887 gmento
541 2806 578 2867 ad
592 2825 650 2867 nos
667 2809 911 2886 pervenirent;c
936 2807 1051 2885 quibus,
1072 2828 1162 2887 quum
1187 2809 1283 2889 primo
1301 2807 1396 2867 verbs

400 2904 495 2965 Ulixis
532 2902 682 2983 egregium
710 2904 808 2964 ιίοιιιιι
838 2901 961 2983 Cyclopi
988 2905 1219 2966 commendantis
1250 2904 1395 2982 leguntur,

402 2998 531 3061 secundo
557 3000 643 3059 huius
670 3000 767 3061 minae
792 3000 932 3060 adversus
959 2999 1041 3059 illum
1060 3009 1146 3061 antro
1165 2990 1395 3061 circumclusum

402 3094 579 3171 offerantur,
611 3097 702 3155 tertio
724 3096 852 3174 Cyclops
881 3096 1051 3161 temulentia
1079 3101 1245 3175 prostratus
1274 3094 1395 3173 depingi

399 3192 542 3265 uidentur,
563 3191 725 3271 colligimus
744 3191 794 3265 id,
823 3190 901 3269 quod
921 3191 1008 3251 etiam
1028 3192 1195 3251 Aristotelis
1215 3193 1302 3251 verba
1321 3206 1394 3269 pro-

400 3288 548 3365 oratu),
576 3287 792 3363 dithyrambum
820 3286 945 3346 similem
965 3286 1158 3362 fuissemus,
1185 3306 1272 3365 quem
1292 3285 1393 3346 Pbilo·
1461 3334 1471 3347 .

468 3520 495 3587 ⁸)
510 3538 537 3573 v·
554 3535 635 3586 supra
651 3538 677 3587 p.
687 3519 728 3571 14.
841 3517 848 3529 ”

470 3606 497 3671 ⁹)
514 3622 540 3655 v.
551 3603 685 3655 decretum
698 3591 968 3658 Lacedaemoniorum
975 3605 1046 3672 apud
1054 3605 1198 3659 Boethium
1214 3606 1248 3657 de
1260 3620 1329 3656 mus.
1337 3601 1393 3670 1,1.

402 3704 418 3741 a
441 3688 561 3756 pluribus
583 3688 736 3753 laudatum,
770 3694 902 3757 posbomo
927 3692 961 3743 ab
984 3689 1017 3742 0.
1041 3689 1171 3757 Millero,
1194 3688 1290 3741 Dorion
1311 3705 1337 3740 v.
1354 3688 1393 3739 11.

401 3791 427 3841 p.
443 3771 502 3825 323.
584 3780 590 3783 “
1481 3821 1482 3832 ,

453 3857 497 3925 1⁰)
514 3858 665 3909 Athenaeus
681 3858 749 3909 vlll.
768 3877 792 3925 p.
810 3857 870 3911 352.
884 3859 970 3909 multa
987 3856 1043 3909 eius
1063 3856 1151 3909 focale
1174 3858 1246 3910 dicta
1262 3854 1395 3907 exhibens

401 3944 454 3995 lucc
476 3959 581 4009 quoquc
603 3942 705 4008 prodit:
729 3935 901 4003 Ἐπιικούοας
924 3941 954 3995 δὲ
975 3941 1026 4008 τῆς
1040 3936 1147 4001 Ὠδῖνος
1166 3942 1217 4008 τῆς
1240 3937 1394 4006 Τιμοθέου,

402 4026 439 4081 Εἰ
454 4021 479 4079 c’
490 4022 642 4095 ἐργολάβον,
659 4024 720 4091 ἔφη,
737 4024 822 4081 ἔτικτε
839 4026 886 4080 sul
901 4024 937 4092 μὴ
950 4021 1028 4086 θεόν,
1043 4028 1125 4086 ποίοις
1136 4020 1171 4077 ἂν
1186 4020 1265 4093 η’φίει
1281 4019 1393 4091 φωνάς

401 4111 545 4163 Praeterea
569 4110 640 4161 hunc
657 4108 834 4162 Stratonicum
857 4108 962 4163 Phania
981 4114 1048 4181 testa
1064 4115 1156 4161 narrat
1170 4109 1288 4175 primum
1304 4110 1395 4160 uolo-

402 4193 515 4265 χορδὶαο
531 4210 591 4247 asso
608 4194 701 4245 fidium
718 4193 787 4286 lusui
806 4194 925 4248 intulisse
942 4192 1129 4261 etxdiscipulos
1147 4192 1276 4247 docuisse·

452 4281 496 4346 ²¹)
513 4280 546 4331 cla
563 4282 621 4331 aulo
637 4283 706 4344 poet.
723 4278 760 4331 ΙΙ.
834 4278 837 4288 ’
