3259 5367
876 527 926 632 88

403 714 530 797 primurn
555 708 657 769 huon
683 706 749 786 ipse
765 704 901 777 dubitet,
925 708 1026 765 utrum
1046 698 1222 779 cytherium
1244 715 1283 756 an
1303 697 1404 775 potius

402 804 587 873 Leucadium
606 801 800 865 Philoxenum
828 800 893 861 eius
921 803 1073 859 auctorem
1096 794 1223 867 haheat,
1249 799 1339 871 atque
1363 794 1404 852 ad

272 939 276 947 v
404 903 559 965 Platonem
579 898 725 959 comicum
745 913 906 974 provocans
924 914 993 954 eum
1011 890 1115 953 haberi
1134 888 1223 960 velit,
1243 898 1335 993 quem
1352 888 1405 947 hic

405 1001 435 1061 iu
454 997 574 1059 Phaone
594 993 737 1071 carpserit
748 992 789 1071 ⁸).
828 989 959 1069 ltaque
949 1007 980 1050 tn
998 990 1055 1049 hac
1073 1006 1108 1047 re
1126 984 1313 1045 diiudicanda
1326 973 1408 1043 irnlla

408 1097 456 1155 est
474 1090 618 1151 Athenaei
638 1088 815 1157 auctoritas,
842 1104 897 1146 uec
917 1084 1012 1163 magui
1032 1083 1167 1175 ducimus
1187 1080 1267 1159 quod
1286 1078 1407 1156 reliquis

406 1187 481 1249 lucia
498 1204 515 1245 a
530 1184 693 1244 Philoxeno
705 1180 967 1261 cytheriooiscrte
983 1178 1057 1237 dicit
1071 1161 1189 1237 carmen
1203 1174 1314 1235 factum
1329 1192 1407 1233 esse

409 1283 441 1343 ln
450 1281 572 1341 Platone
586 1276 674 1358 igitur
687 1297 776 1355 quum
791 1289 878 1336 omno
890 1281 1069 1334 momentum
1084 1272 1225 1382 positum,
1240 1269 1342 1330 Phaon
1354 1287 1409 1327 au-

412 1384 473 1439 tem
493 1376 558 1437 eiua
577 1373 750 1453 deperditus
770 1372 829 1446 sit,
849 1390 886 1429 eo
906 1388 964 1448 qno
984 1369 1088 1429 muniti
1108 1367 1266 1445 genuinum
1286 1363 1410 1425 carmini

350 1498 351 1503 ¹
410 1472 587 1551 scriptorem
606 1468 787 1527 vindicemus
807 1465 956 1544 praesidio
976 1464 1110 1524 destituti
1134 1480 1246 1523 sumus.
1295 1460 1409 1521 Nihilo

411 1568 506 1631 miuus
533 1581 582 1625 res
614 1562 712 1639 aliquo
746 1561 834 1622 modo
860 1559 1018 1621 diiudicari
1050 1558 1169 1637 poterit
1215 1556 1334 1616 Etenim
1359 1556 1410 1615 uhi

411 1678 514 1725 rursus
534 1657 572 1717 ad
591 1656 777 1717 Athenaeum
797 1656 1013 1732 refugerimus,
1038 1654 1138 1713 locum
1163 1652 1328 1715 invenimus
1355 1669 1410 1729 op·

412 1752 672 1837 portunissimam,
700 1769 758 1827 quo
788 1771 880 1829 quum
904 1750 1014 1810 multos
1034 1749 1084 1826 qui
1104 1748 1143 1807 dc
1163 1767 1197 1807 re
1217 1747 1327 1807 cibario
1346 1765 1410 1807 car-

413 1852 492 1913 mina
511 1847 679 1928 pepigerint
698 1852 863 1920 enumerat,
883 1865 941 1907 uon
962 1844 1146 1922 cytherium,
1167 1843 1220 1903 red
1228 1842 1412 1905 Leucadium

391 2008 394 2015 ,
413 1945 605 2006 Philoxenum
626 1942 764 2015 nominat,
785 1942 856 2020 quin
876 1961 913 2001 ex
931 1941 1000 2020 ipso
1019 1939 1151 1999 Plutonia
1167 1937 1290 1997 Phaone
1308 1957 1412 1999 versun
1471 2003 1472 2006 Ἴ

414 2040 524 2118 aliquot
543 2036 673 2112 exhibet,
695 2038 801 2116 quihus
822 2055 942 2098 carmen
960 2036 1045 2095 iatius
1064 2039 1183 2095 notatur
1206 2034 1333 2111 dasque
1354 2034 1412 2093 ira·

415 2138 567 2215 gmentum
586 2134 758 2211 proponitur
781 2134 822 2211 ⁹).
862 2132 962 2192 Primo
974 2131 1095 2209 quidem
1108 2130 1211 2189 obtutu
1221 2128 1413 2207 intelligimur

415 2230 473 2290 hoc
492 2246 549 2288 non
569 2228 720 2305 pertinere
740 2229 777 2289 ad
796 2228 868 2289 illud
889 2228 927 2287 cle
947 2246 1005 2305 quo
1025 2227 1123 2303 agitur
1142 2222 1293 2286 διῖιινονι
1317 2242 1415 2302 neque

416 2324 496 2385 enim
514 2324 649 2383 versibus
670 2329 702 2382 et
721 2324 848 2384 dialecto
867 2322 986 2400 lyricis,
1006 2321 1060 2380 sed
1080 2321 1175 2399 epicis
1195 2339 1315 2381 carmen
1334 2338 1414 2380 com·
1471 2379 1472 2390 ,

417 2418 546 2497 positum
567 2424 640 2487 erat,
660 2434 756 2492 neque
777 2416 963 2494 splendidum
983 2417 1148 2477 convivium
1163 2417 1343 2491 celebrabat,
1362 2418 1415 2475 sed

418 2510 566 2589 quomodo
586 2510 644 2569 cihi
663 2510 787 2596 parandi
807 2520 838 2571 et
857 2530 916 2590 qno
937 2512 1040 2572 ordine
1059 2514 1228 2591 apponendi
1246 2517 1348 2572 essent
1362 2513 1415 2571 olo·

419 2606 520 2679 cehat,
546 2608 643 2681 neqhe
663 2602 794 2665 δεῖπνον
813 2608 996 2687 appellatur,
1024 2608 1078 2667 sed
1098 2604 1289 2686 ὀψαρτυσία.
1327 2607 1415 2668 Atta·
1471 2623 1472 2630 ¹

419 2718 488 2761 rnen
511 2704 694 2775 compertum
708 2698 852 2761 hahemus
872 2703 1000 2781 prhnurn
1021 2703 1215 2765 Philoxenum
1234 2703 1416 2764 Leucadium
1471 2745 1472 2768 ι

419 2795 464 2855 rei
497 2793 624 2853 cibariae
653 2800 769 2871 poetam
791 2796 961 2866 exstitisse,
989 2797 1099 2858 deinde
1119 2805 1278 2880 propterea
1305 2818 1373 2859 eum
1399 2816 1416 2856 a
1471 2871 1472 2874 Ἴ

419 2889 542 2950 Platone
570 2888 759 2966 perstrictum
777 2911 856 2951 csse.
896 2893 987 2971 Atqui
1011 2894 1084 2954 nihil
1104 2900 1205 2971 potest
1228 2895 1416 2955 verisimilius

421 3002 507 3060 esse,
532 3002 620 3062 quam
639 2985 763 3047 eandem
782 3007 846 3047 rem
866 3007 932 3048 eum
963 2987 1078 3049 duobus
1098 2988 1292 3061 carminibus,
1320 2990 1416 3049 altero
1471 2993 1472 3000 ’

420 3080 514 3158 epico,
535 3080 629 3140 altero
649 3080 741 3158 lyrico
753 3082 813 3158 1⁰),
835 3082 1011 3155 celebrisse,
1033 3093 1121 3163 atque
1140 3092 1300 3164 utromque
1318 3086 1416 3145 aPlo-

420 3182 491 3237 tone
510 3182 640 3237 notatum
662 3194 739 3235 esse.
779 3178 904 3238 Accedit
924 3181 1003 3257 quod
1029 3181 1109 3240 idem
1129 3182 1299 3241 Athenaeus
1328 3179 1417 3259 paulo

421 3274 491 3347 post
514 3268 574 3344 11),
594 3268 645 3329 uhi
666 3272 802 3331 nonnulla
823 3272 861 3332 (le
881 3273 1043 3335 Philoxeno
1062 3275 1201 3353 Eryxidis
1221 3276 1297 3347 lilio,
1329 3295 1416 3353 quem

422 3362 549 3421 curulem
584 3364 753 3439 agnovlmus
781 3366 979 3443 Leucadium,
1014 3372 1157 3447 narravit,
1192 3373 1258 3433 eius
1285 3369 1418 3433 δεῖπνον

422 3465 641 3519 commemorat
681 3458 762 3540 Ergo
782 3458 912 3562 δεῖπνον
930 3465 1014 3540 illud,
1033 3466 1112 3542 qood
1131 3468 1220 3528 ctiam
1234 3470 1274 3528 ita
1291 3487 1417 3546 compa-

475 3660 505 3725 ⁸)
521 3658 592 3712 Dicit
606 3659 689 3713 hacc:
711 3658 854 3727 Φιλόξενος
870 3660 926 3717 δ’
911 3684 926 3719 ο
944 3664 1090 3735 Κυθήριος
1105 3665 1136 3722 ἐν
1151 3670 1191 3737 τῷ
1209 3667 1418 3742 ἐπιγραφομένῳ

424 3742 541 3813 Δείπνῳ,
558 3742 632 3813 εἴπερ·
648 3736 748 3799 τούτου
765 3743 844 3799 aul
829 3767 844 3801 o
860 3748 1069 3820 κωμῳδιοποιος
1088 3749 1205 3806 Πλάτων
1220 3751 1250 3807 ἐν
1267 3755 1307 3825 τῷ
1324 3752 1419 3810 Φάωνι

425 3823 561 3895 ἐμνήσθη,
585 3847 619 3879 νο
603 3826 717 3895 occipit
702 3831 753 3883 τοιῖ
769 3834 922 3886 Λευκαδίου
941 3833 1106 3900 Φιλοξένου,
1129 3834 1261 3905 τοιαύτην
1279 3835 1419 3892 lectiam

425 3909 598 3981 παρασκευὴν
614 3913 675 3964 ocor
646 3931 736 3965 ιιινοιι.

538 3994 559 4045 1.
621 3994 646 4047 5.
664 3996 696 4047 Β.

477 3996 745 4142 1⁰Allolcnemincm
762 4082 895 4136 offendere
912 4091 1011 4154 potest,
1030 4087 1074 4154 qui
1090 4091 1182 4154 pocta·
1206 4085 1305 4154 lyricos
1328 4093 1356 4141 et
1371 4092 1419 4143 vel

426 4160 635 4227 dithyrambicoa
650 4166 814 4231 reputaverit
830 4168 979 4235 interdum,
1002 4176 1031 4223 ut
1047 4170 1073 4222 in
1089 4170 1308 4238 epigrammatis,
1331 4179 1419 4225 metro

428 4250 452 4297 et
468 4260 589 4297 sermone
606 4245 681 4313 epioo
699 4265 761 4301 uros
778 4267 843 4303 ease,

478 4324 521 4392 ¹¹)
537 4328 557 4391 1,
574 4327 598 4380 o.
619 4330 649 4382 A.
