3259 5367
257 794 360 841 versus
380 776 531 841 Machouis
559 777 678 855 comici,
692 780 847 858 leguntur,
878 778 928 855 qul
954 778 1021 838 tera
1046 778 1090 840 sic
1114 778 1242 844 habent:

256 872 448 960 Philoxenum
467 876 798 954 dithyrambogrsphun‘r
822 874 924 934 dicunt
941 872 1127 935 irumodicam
1146 876 1244 937 lurco·

258 986 325 1029 nem
345 969 454 1045 fuisse,
482 972 531 1049 qui
551 989 640 1049 quum
658 970 811 1048 aliquando
831 970 979 1047 ingentem
997 970 1137 1049 polypum
1155 971 1245 1051 Syra-

257 1065 336 1125 cusis
356 1067 491 1137 emisset,
519 1070 614 1126 totum
633 1073 752 1145 praeter
780 1070 869 1142 capnt
887 1065 1077 1126 devoraverit.
1114 1066 1175 1127 lam
1194 1068 1246 1128 ubi

257 1160 330 1221 haec
348 1162 479 1221 ciborum
507 1162 590 1241 copia
617 1180 684 1221 eum
704 1161 895 1221 vehementer
913 1160 1074 1237 presserit,
1099 1163 1245 1223 medicam

257 1256 428 1316 arcessitum
439 1274 516 1317 esse.
556 1254 613 1315 Cui
629 1274 795 1335 supremam
809 1257 911 1315 horam
924 1255 1077 1315 imminere
1095 1257 1248 1335 protiteutl

257 1354 287 1411 ct
315 1357 349 1411 ut
381 1370 467 1429 quam
505 1351 661 1413 celerrime
694 1358 902 1412 testamentum
934 1351 1049 1411 iaceret
1080 1352 1248 1413 adhortanti

257 1444 449 1506 Philoxenum
466 1446 536 1506 satis
549 1446 652 1507 locoe
661 1448 860 1526 respondisse,
881 1447 951 1524 quin
966 1447 1054 1505 etiam
1069 1448 1247 1523 postulasse,
1313 1434 1320 1443 ’

257 1545 291 1601 ut
307 1539 455 1615 reliquum
474 1540 576 1618 polypi
595 1550 684 1620 capot
703 1543 759 1601 sibi
774 1543 983 1623 porrigeretur,
1004 1560 1062 1619 quo
1076 1559 1194 1601 comeso
1214 1559 1249 1601 se

257 1634 355 1693 omnia
381 1652 433 1693 sua
463 1654 481 1693 e
505 1635 562 1695 'vita
582 1637 776 1698 decedentem
802 1656 904 1699 secum
931 1638 1021 1698 terre.
1060 1637 1126 1697 Hos
1145 1654 1249 1697 versus

259 1731 344 1789 etiam
364 1728 414 1788 alii
433 1731 567 1791 ciusdem
580 1731 743 1807 Machonis,
764 1734 862 1812 quiad
880 1734 955 1793 hanc
973 1752 1038 1792 rem
1057 1733 1176 1807 faciunt,
1197 1751 1250 1793 ex-

232 1870 234 1876 .
257 1826 378 1904 cipiunt
419 1824 557 1887 differunt
574 1828 665 1888 haec:
686 1828 878 1888 Philoxenum
899 1828 1073 1906 tylbertum
1095 1828 1249 1907 gruiacol-

256 1920 318 1981 lum
339 1922 394 1980 sibi
415 1920 543 1999 optasse,
563 1928 595 1981 ut
614 1943 699 2000 quam
720 1924 862 2003 plurimos
881 1924 964 1983 cibos
978 1924 1142 2001 deglutiens
1161 1942 1251 2001 quarn

258 2014 424 2075 diutissime
450 2035 551 2077 eorum
577 2026 665 2094 gustu
692 2018 898 2079 delectaretur.
937 2017 980 2077 Ut
1003 2016 1047 2076 ab'
1068 2019 1173 2079 ultimo
1192 2018 1250 2076 ini-

258 2112 333 2171 tium
364 2115 483 2189 petam,
518 2109 625 2170 Macho
650 2111 810 2171 Philoxeno
840 2112 982 2188 cytherio
1016 2111 1137 2183 tribuit,
1171 2111 1251 2188 quod

258 2207 408 2288 graviores
435 2186 524 2265 huius
561 2206 605 2265 rei
641 2211 735 2264 testes
762 2206 936 2264 Aristoteles
964 2207 1015 2283 ³⁶)
1043 2213 1074 2265 et
1096 2204 1250 2283 Theophi-

256 2304 304 2363 lus
333 2304 384 2378 37)
421 2301 459 2359 de
490 2300 548 2360 alio
581 2299 760 2373 Philoxeno,
792 2300 932 2377 Eryxidia
966 2301 1046 2376 filio,
1074 2301 1251 2360 retulerunt.

257 2397 344 2473 Quod
370 2396 494 2473 quidem
514 2416 531 2455 a
551 2406 638 2476 poeta
659 2397 787 2470 comico,
815 2413 910 2472 eoque
938 2403 1034 2456 aetate
1055 2398 1113 2455 duo
1132 2396 1251 2455 saecula

257 2512 274 2553 a
302 2492 464 2551 Philoxeno
495 2498 629 2566 remoto,
662 2510 720 2551 uon
753 2493 894 2551 miramur
925 2491 1039 2551 iactum
1072 2509 1148 2552 esse.
1202 2492 1250 2551 Ad

255 2588 405 2649 libidinem
432 2587 509 2646 enim
537 2587 602 2662 hio,
631 2594 661 2647 et
689 2594 722 2647 ut
749 2608 766 2647 e
793 2608 840 2647 re·
855 2606 908 2647 aua
935 2594 1015 2658 erat,
1043 2586 1249 2660 Philoxenum,

259 2702 346 2763 quem
379 2684 452 2743 risui
479 2683 549 2743 dare
582 2682 708 2761 placuit,
741 2684 835 2744 fiuxit.
883 2684 969 2759 Quod
1000 2693 1090 2760 qurum
1122 2683 1163 2742 ita
1195 2682 1252 2741 ha-

256 2778 340 2851 beat,
376 2780 479 2838 eadem
507 2779 622 2838 licentia
649 2778 827 2838 Machonem
863 2779 1008 2855 suspicari
1036 2778 1109 2837 licet
1136 2779 1167 2838 lu
1191 2777 1251 2837 iltis

257 2890 373 2951 quoque
391 2875 524 2932 versibus
547 2892 631 2930 usum
653 2892 738 2944 esse,
758 2875 863 2950 quibus
883 2874 1076 2933 Philoxenum
1090 2872 1253 2949 'Syracusis

255 2966 461 3028 moribundum
482 2966 653 3043 proposuit,
675 2974 708 3033 ut
727 2986 803 3040 quae
823 2987 903 3036 vera,
924 2968 1088 3044 qrraelicta
1110 2968 1252 3026 exhibue-

254 3064 296 3122 rit
316 3060 472 3121 diludic'ari
498 3078 557 3117 non
583 3059 688 3134 possit.
728 3058 795 3116 Nou
823 3058 889 3135 plus
915 3060 1042 3136 denique
1071 3060 1144 3121 illud
1164 3062 1251 3137 valet,

255 3157 334 3238 quod
355 3155 465 3215 famam
484 3150 591 3209 tulisse
611 3151 648 3208 de
662 3150 825 3211 Philoxeno
844 3171 878 3209 os
896 3159 927 3209 et
945 3170 1048 3211 manus
1068 3155 1106 3209 ad
1123 3157 1253 3215 calorem

256 3252 471 3314 assuefacieote
490 3245 587 3325 primo
617 3243 682 3304 loco
711 3247 1011 3308 commemoravimus.
1060 3246 1136 3307 Nam
1163 3268 1254 3326 quum

255 3355 367 3409 certum
389 3349 540 3403 auctorem
561 3338 761 3417 Chrysippum
780 3342 951 3402 Athenaeus
974 3341 1024 3420 ³⁸)
1045 3344 1183 3418 nominet,
1204 3346 1253 3424 qui

254 3445 313 3505 hoe
334 3441 372 3500 de
392 3438 553 3499 Philoxeno
573 3435 723 3495 Leucadio
744 3440 915 3508 narraverit,
936 3438 984 3497 vix
996 3437 1122 3499 dubitari
1142 3448 1252 3519 potest,

255 3539 325 3617 quin
345 3538 402 3597 hoc
422 3552 538 3611 quoque
558 3533 594 3593 ab
614 3531 672 3591 alio
688 3531 724 3593 sd
740 3532 911 3610 cytherium
927 3540 1045 3611 poetam
1060 3534 1138 3595 falso
1154 3546 1252 3597 trans-

253 3635 349 3695 latum
369 3631 417 3689 ait.
1132 3655 1134 3660 ·

333 3724 529 3805 cognovimus
543 3722 633 3801 igitur
645 3722 703 3783 iam
718 3725 843 3803 antiquis
855 3726 1036 3803 temporibus
1045 3726 1083 3786 de
1091 3726 1252 3787 Philoxeno
1266 3742 1274 3757 ‘

256 3842 293 3883 ea
312 3829 428 3882 narrato
448 3838 525 3891 esse,
547 3838 631 3896 quse,
651 3819 677 3878 si
696 3820 761 3895 qrris
782 3822 878 3881 obiter
898 3823 1079 3899 respexerit,
1101 3823 1167 3881 iure
1186 3823 1252 3883 illas

255 3918 456 3980 recentiorum
478 3915 695 3975 criminationes
722 3932 900 3994 provocasse
921 3917 1091 3992 videantur,
1123 3916 1196 3993 sed,
1223 3919 1251 3977 si

253 4014 422 4075 accuratius
443 4011 637 4088 inquisiverit,
657 4010 764 4072 nulllus
781 4018 942 4091 appareant
954 4013 1098 4073 momenti
1118 4030 1196 4089 esse,
1215 4032 1251 4074 ac

252 4147 454 4159 —n——u

307 4237 353 4303 ³⁶)
370 4237 449 4289 ethic.
468 4236 516 4303 lli,
532 4233 575 4287 13.
592 4236 679 4303 probi.
695 4236 855 4303 titilius.
871 4254 900 4305 p.
915 4234 975 4291 M.
992 4236 1034 4290 ed.
1050 4235 1178 4307 sylburg.

307 4320 353 4387 ⁸⁷)
371 4336 414 4387 ap.
430 4321 525 4374 Athen.
543 4318 608 4385 1,o.
627 4321 654 4374 b.

307 4404 352 4473 ⁸⁸)
367 4404 463 4461 Athen.
480 4406 501 4473 1,
517 4402 543 4459 5.
561 4420 585 4459 e.
