3259 5367
264 746 267 759 ·
361 665 431 796 ,ira
450 710 637 794 parentam
657 706 815 769 rnorem
835 706 955 769 narra
973 712 1128 768 menn·
1147 707 1202 783 an,
1228 706 1361 772 arvam

361 830 420 874 uon
440 825 607 889 possumus.
646 802 748 863 Potuit
766 809 867 865 autem
885 821 937 863 ess
957 803 998 861 its
1016 803 1152 877 tendere,
1172 809 1206 863 ut
1224 805 1290 864 soni
1308 814 1362 867 sat

362 924 450 966 unum
471 904 610 983 diapasoa
631 905 822 979 superarent,
845 905 894 957 sut
914 898 991 958 iutra
1009 898 1068 958 hoc
1088 899 1222 977 pluribus
1241 899 1362 959 irsrmo·

360 1001 418 1063 niis
447 1000 494 1060 rel
520 996 674 1076 generibus
702 994 788 1055 simut
816 994 998 1057 sultioerent.
1039 993 1201 1053 Numerum
1221 996 1363 1055 antistro-

361 1097 431 1176 phis
451 1094 569 1155 reiectis
589 1091 661 1151 iecit
681 1090 842 1163 eiusmodi,
870 1089 1019 1150 utrarios
1037 1090 1156 1148 ordines
1177 1091 1261 1169 longa
1281 1092 1363 1152 serie

362 1191 562 1262 continuaret,
582 1195 680 1249 tamen
701 1204 756 1247 uon
777 1204 833 1264 per
852 1194 946 1247 totum
966 1204 1104 1254 carmen,
1124 1188 1179 1247 aed
1198 1187 1255 1259 its,
1276 1193 1311 1246 ut
1329 1188 1363 1247 ira

362 1286 487 1366 singulis
507 1283 684 1343 carminibus
704 1281 806 1360 plures
826 1281 976 1349 metricae,
986 1288 1086 1359 partes
1101 1281 1361 1359 distinguerentur,

362 1401 437 1462 quae
456 1379 642 1457 stropharum
670 1377 807 1437 ambitum
830 1375 1014 1436 excedebant
1042 1383 1073 1435 et
1092 1378 1252 1437 meandum
1273 1378 1360 1437 aliam

362 1478 469 1555 legem,
489 1492 575 1552 quam
591 1470 804 1548 antistrophae,
824 1489 893 1530 sese
911 1472 1108 1551 excipiebant.
1149 1473 1362 1533 Nominalratur

361 1572 419 1632 hoo
443 1568 529 1629 metri
555 1586 647 1644 genus
667 1566 880 1647 ἀναβολήΗ).
920 1567 1055 1627 Carmina
1075 1566 1286 1646 Melanippidis
1306 1569 1360 1628 de·

360 1664 477 1747 perdita
505 1668 573 1722 sunt
595 1671 719 1741 praeter
744 1680 854 1743 paucos
881 1681 984 1723 versus
1010 1663 1124 1722 ethos
1151 1669 1213 1722 tres
1236 1664 1360 1723 titulos:

360 1760 513 1841 Marsyas,
543 1758 734 1836 Proserpina,
758 1759 920 1832 Danaides,
944 1777 962 1816 e
981 1758 1087 1836 quihus
1107 1758 1254 1834 colligitur
1273 1777 1362 1837 argn-

361 1862 493 1917 mentum
520 1854 680 1915 carminum
708 1854 819 1914 rarium
845 1872 942 1932 nequo
969 1872 1087 1934 semper
1107 1873 1125 1913 ι
1143 1854 1261 1914 Baccho
1281 1854 1362 1932 peti·

410 2074 457 2142 ⁴⁵)
474 2076 535 2126 iloc
557 2088 637 2125 seusa
653 2072 815 2126 vocabulum
834 2068 957 2144 evenant
974 2070 1157 2141 accipiendum
1174 2090 1232 2126 esse
1253 2070 1360 2140 colligi-

360 2165 405 2215 rur
431 2178 464 2212 ex
485 2159 634 2211 Aristotelis
657 2160 755 2211 rhetor.
774 2159 821 2209 lll.
852 2176 875 2209 c.
895 2158 922 2209 t.
940 2159 988 2221 B.,
1011 2174 1064 2223 qno
1086 2159 1148 2208 loco
1171 2173 1252 2224 quum
1280 2156 1360 2208 ulmis

360 2247 456 2316 longos
478 2244 602 2313 periodos
625 2242 752 2295 orationis
778 2242 909 2310 pedestris
935 2242 1082 2305 vituperet,
1113 2243 1184 2307 quod
1205 2259 1256 2293 non
1279 2239 1362 2292 facilc

361 2328 551 2397 percipiantur,
569 2343 667 2392 easque
685 2343 745 2376 cum
763 2319 912 2391 ἀναβολαῖς
929 2323 1077 2375 carminum
1088 2333 1235 2391 comparet,
1250 2325 1296 2377 rix
1312 2325 1362 2376 du-

360 2410 442 2463 bitari
457 2416 559 2477 potest,
584 2398 653 2475 quin
665 2406 745 2460 metri
761 2406 788 2459 id
806 2425 890 2475 genus
906 2407 1054 2472 notaverit,
1077 2409 1147 2475 quod
1163 2409 1286 2462 similiter
1302 2424 1363 2461 ma·

359 2495 445 2546 iorem
462 2490 592 2545 ambitum
610 2491 730 2542 haberet.
765 2492 915 2542 Secundum
931 2498 1032 2547 certam
1053 2494 1186 2559 quandam
1202 2496 1292 2562 legem
1311 2493 1362 2544 has

361 2578 491 2629 anabolao
506 2574 632 2641 repetitas
650 2591 707 2626 esse
725 2590 740 2624 e
757 2574 879 2624 versibus
892 2575 1047 2641 Democriti,
1063 2578 1108 2644 qui
1125 2580 1220 2630 eodem
1234 2578 1284 2630 illo
1301 2578 1362 2628 loco

360 2663 498 2730 leguntur,
515 2656 645 2724 suspicari
662 2655 733 2708 licet.
767 2656 923 2709 Aristoteles
934 2660 1014 2725 enim,
1030 2662 1078 2713 ubi
1095 2663 1230 2733 longiores
1239 2661 1364 2729 periodos
1436 2663 1440 2675 ’

362 2742 508 2813 ἀναβολαῖς
518 2739 692 2807 compararit,
709 2741 779 2791 haec
796 2742 884 2794 addit:
902 2737 970 2795 ὥστε
990 2745 1096 2808 γίνεται
1112 2739 1130 2798 ii
1147 2745 1252 2813 ἔσκωψε
1264 2742 1363 2810 Anad-

359 2846 450 2899 separor
472 2824 487 2880 d
506 2830 572 2885 Χῖοι
597 2824 636 2886 ele
651 2826 866 2893 Μελανιππίδην
888 2822 1044 2895 moriamur
1066 2823 1129 2883 o’srl
1144 2831 1200 2883 τῶν
1217 2824 1363 2899 ιὶιιιιτιό·

360 2930 423 2981 poor
440 2906 591 2979 αἰιιβιλιὶς·

427 2992 458 3047 ol
471 2989 495 3047 r’
512 2988 589 3064 αὐτῷ
606 2990 677 3047 aaut
695 2988 784 3059 τεύχει
798 2986 869 3063 αἰὴι
887 2990 959 3062 ditas
974 2991 1048 3049 ιακιὶ
1063 2993 1176 3065 τεύχων,

425 3075 443 3146 ἡ
461 3075 491 3132 di
508 3076 598 3149 prorupit
616 3074 737 3147 αἰαβοιὴ
755 3076 794 3147 τῷ
810 3072 958 3140 ποιήσαντι
977 3081 1098 3145 κακίστη.

359 3164 419 3219 iam
448 3162 532 3233 igitur
556 3162 641 3213 rerba
672 3159 752 3226 primi
774 3176 869 3211 versos
894 3162 929 3213 od
952 3161 1099 3229 imaginem
1120 3163 1294 3229 stropharum
1311 3163 1364 3217 sibi

359 3246 575 3315 respondentium
603 3244 726 3294 rideatur
756 3243 843 3311 posita
868 3262 934 3316 assa.
977 3245 1054 3310 Quod
1082 3244 1106 3295 si
1128 3262 1223 3297 rarum
1240 3252 1297 3309 eat,
1326 3246 1361 3297 alo

361 3328 552 3395 antistrophico
569 3332 656 3377 metro
673 3322 795 3391 ἀναβολή
814 3344 847 3379 eo
864 3328 1029 3394 potissimum
1047 3329 1202 3393 differebat,
1224 3331 1295 3396 qnod
1311 3347 1362 3381 nou

360 3413 440 3467 binae
462 3412 590 3478 strophae
620 3410 671 3462 sihi
696 3412 897 3478 responderent,
928 3413 976 3464 sed
999 3415 1089 3479 plures
1115 3430 1214 3480 easque
1243 3414 1363 3466 diversas

361 3496 486 3563 deinceps
503 3494 604 3564 positas
628 3510 678 3562 par
694 3511 822 3547 numerus
838 3495 959 3548 eiusdem
975 3496 1053 3549 metri
1070 3497 1212 3565 exciperet.
1232 3497 1269 3549 cf.
1288 3498 1364 3549 Gric-

360 3582 532 3633 chiscls-raim.
555 3580 652 3632 Metrik
674 3597 699 3630 o.
719 3580 809 3631 Freeoe
826 3598 853 3647 p.
870 3578 928 3631 stt.
955 3598 979 3633 c.
1002 3582 1128 3633 Ceterum
1143 3584 1270 3650 strophas
1290 3582 1365 3648 ipsas

360 3662 496 3731 simplices
523 3681 572 3715 nec
601 3678 703 3733 magns
726 3680 852 3715 vanuum
881 3664 1055 3731 ordinumque
1086 3666 1216 3719 verietate
1246 3665 1365 3734 insigues

359 3748 443 3802 fuisse
468 3764 483 3799 e
508 3747 667 3816 fragmentis
691 3751 736 3813 (r.
761 3748 862 3816 Bergk.
879 3751 898 3799 l.
916 3750 934 3800 l.
953 3766 980 3816 ιι.
999 3748 1049 3801 aar
1066 3751 1124 3817 ιιι.)
1141 3753 1263 3817 apparet.
1310 3748 1366 3801 aut

360 3838 451 3887 tamen
475 3832 553 3884 aliter
574 3850 631 3883 rem
655 3832 855 3899 explicuerunt,
878 3838 904 3885 et
920 3833 1021 3887 Badius
1037 3834 1145 3901 quidem
1161 3836 1191 3897 tl.
1210 3836 1227 3885 l.
1245 3851 1272 3901 p.
1289 3831 1364 3899 2¹5.)

360 3916 449 3968 minas
472 3922 595 3968 accurate
619 3916 688 3968 haee
710 3917 840 3983 disputat:
864 3916 921 3968 dern
939 3918 1095 3969 Democritea
1110 3918 1213 3983 misaficl
1230 3916 1271 3967 die
1287 3918 1365 3968 Ana·

360 4002 416 4052 dole
433 4000 460 4051 s'n
474 4000 627 4068 folgenden
644 4002 811 4051 Herometerr
837 4001 916 4067 „Der
932 4002 1028 4069 sehofft
1044 4002 1124 4052 seiher
1139 4002 1196 4051 sicis
1215 4002 1296 4065 Quat,
1318 4001 1365 4052 der

361 4085 481 4137 Anderae
500 4085 600 4149 Quoien
622 4084 754 4136 territet.''
783 4086 821 4135 ult
845 4084 891 4135 iric
908 4102 1001 4137 versus
1017 4102 1069 4136 uon
1086 4081 1292 4151 Melanippidis,
1317 4085 1365 4137 sed

360 4166 507 4221 Democriti
536 4173 583 4219 est.
638 4166 669 4219 0.
693 4168 826 4222 Mulieres
846 4170 864 4221 i.
886 4170 905 4221 1.
928 4170 1000 4221 alt.
1022 4187 1050 4237 p.
1065 4168 1125 4222 289.
1146 4168 1217 4220 haee
1241 4166 1362 4235 scripsita

363 4250 498 4307 deeonders
520 4250 745 4304 chorohterietiscls
767 4270 853 4304 scaren
869 4252 978 4323 gemisse
996 4256 1109 4321 Mater,
1135 4252 1177 4304 dic
1193 4269 1238 4306 aas
1254 4253 1364 4321 Aafaag

361 4334 523 4407 angehroclst
539 4336 642 4388 scarden
658 4336 711 4387 und
726 4336 841 4389 Anatole
857 4337 964 4401 hiessen.
