3259 5367
882 548 937 619 bb

323 756 325 760 ‘
410 758 476 821 eta,
505 748 590 828 plara
617 743 707 805 etiam
736 747 853 802 temore
879 740 1050 801 laborantia.
1101 737 1182 799 later
1208 736 1430 818 dithyrambos
1493 700 1496 721 ⁴

410 852 511 907 autem
539 847 571 903 at
596 857 700 901 nomos
728 856 798 898 num
826 838 857 898 ia
880 840 938 899 hae
957 857 992 897 re
1018 836 1180 897 discrimen
1199 834 1429 911 intercesserit,

412 962 430 1005 e
449 957 541 1020 parvo
561 954 700 997 versuum
719 939 905 993 mentorum
917 950 1041 994 numero
1061 930 1214 992 dliodioari
1233 949 1290 992 non
1307 938 1426 1009 pascas
1495 972 1496 975 ,

413 1036 473 1099 Sed
499 1032 659 1097 discrimen
689 1029 784 1090 fuisse
814 1048 850 1090 cr
869 1048 908 1089 eo
932 1030 1087 1099 coniicias,
1120 1028 1199 1105 qued
1226 1036 1353 1086 metrum
1382 1026 1425 1087 iis

413 1134 561 1195 diversum
590 1132 663 1189 erat.
704 1126 780 1187 Nam
807 1143 896 1205 quum
927 1126 956 1185 in
977 1124 1144 1196 universam
1173 1124 1232 1183 hoc
1251 1123 1292 1182 ita
1312 1122 1422 1183 lictum

280 1267 285 1275 .
408 1216 512 1301 esset,
542 1229 576 1284 ut
601 1221 840 1300 singuliyersus
866 1239 904 1281 ex
923 1220 1077 1281 ordinibus
1096 1230 1147 1280 aut
1163 1219 1280 1298 paribus
1300 1225 1353 1279 aut
1377 1219 1421 1277 si·

413 1324 530 1383 milibus
549 1324 729 1391 constarent,
748 1318 778 1377 in
791 1316 988 1396 dithyrambis
1008 1316 1104 1377 maior
1121 1317 1247 1375 varietas
1266 1316 1422 1394 apparuit,

413 1438 501 1497 quam
522 1418 554 1477 in
574 1416 678 1475 nomis-
735 1412 802 1472 Hoc
829 1415 872 1473 ita
890 1414 1003 1473 habere
1022 1412 1069 1471 val
1090 1412 1120 1471 in
1140 1412 1244 1490 paucis
1264 1417 1421 1471 utrorum-

413 1534 473 1594 que
492 1512 626 1574 versibus
637 1508 776 1569 cernitur.
824 1508 937 1568 Eorum
957 1508 1046 1582 enirn,
1067 1508 1117 1584 qai
1137 1506 1275 1609 cycnis
1293 1506 1333 1566 ad
1351 1524 1422 1591 me·

414 1609 539 1670 moriam
570 1610 699 1665 nostram
720 1612 925 1682 pervenerunt,
952 1605 1065 1682 primus
1091 1604 1266 1662 hexameter
1288 1610 1335 1661 est
1363 1601 1421 1660 da-

413 1704 558 1783 ctylicus,
587 1708 692 1761 versus
718 1700 880 1777 datiquitns
909 1718 996 1759 nomo
1025 1700 1169 1771 tributus,
1197 1697 1343 1757 secuntias
1372 1704 1422 1757 est

414 1800 564 1875 creticus,
576 1806 577 1811 ’
591 1798 699 1857 tertius
726 1796 891 1869 iambicum
919 1814 957 1855 ex
975 1796 1089 1873 hymno
1117 1794 1225 1854 deinde
1243 1795 1274 1852 in
1294 1792 1419 1856 ulman

373 1958 375 1965 s
413 1895 557 1955 habemus
576 1910 693 1953 versum
713 1892 894 1969 dactylicum
914 1897 945 1951 et
965 1891 1041 1951 duos
1062 1890 1278 1969 paroemiaoos3
1301 1891 1331 1947 in
1349 1906 1418 1949 ver·

414 1989 497 2050 sibus
517 1989 643 2065 denique
672 1988 728 2047 illis
752 2008 769 2047 e
790 2006 902 2067 paeane
923 1987 1049 2047 servatis
1068 1986 1211 2047 maiorem
1233 1973 1353 2064 quidem
1373 1986 1418 2045 in·

414 2084 546 2147 venimus
575 2084 763 2157 saumatam,
794 2084 848 2143 sed
876 2102 931 2161 per
961 2102 996 2143 se
1014 2082 1047 2143 hi
1067 2101 1185 2161 quoque
1205 2080 1419 2160 simplicissimi
1494 2133 1496 2159 2

409 2188 485 2244 ‚sunt
513 2200 569 2241 nec
588 2178 644 2239 nisi
664 2178 834 2240 trochaicos
855 2180 974 2239 ordines
995 2178 1150 2254 dactylicis
1171 2178 1344 2237 coniunctos
1361 2178 1419 2235 ha-

413 2276 494 2339 bent.
535 2276 646 2337 Contra
673 2276 702 2335 iu
728 2275 782 2347 iis,
812 2276 862 2353 qul
889 2275 1058 2353 ecyelope
1085 2279 1246 2350 supersunt
1266 2281 1294 2332 et
1313 2272 1365 2351 qui
1387 2272 1418 2333 in

412 2372 579 2453 fragmento
600 2367 716 2432 decimo
736 2371 834 2443 (hano
855 2371 945 2429 dubie
964 2378 1014 2430 est
1040 2369 1245 2447 dithyrambi)
1271 2368 1419 2446 leguntur,

413 2467 508 2527 maior
543 2465 659 2531 numeri
693 2466 820 2525 varietas
848 2473 881 2525 et
910 2468 1043 2545 impetus
1068 2464 1227 2544 reperitur.
1284 2464 1418 2539 Quorum

1492 2280 1496 2325 l

412 2577 501 2638 *quam
521 2560 607 2623 velox
627 2560 722 2621 luerit
742 2560 874 2637 rhytluni
895 2562 1012 2645 duetus,
1032 2582 1051 2622 e
1071 2560 1152 2621 nullo
1172 2558 1288 2619 facilius
1307 2559 1418 2619 intelli·
1495 2588 1496 2593 κ

410 2655 504 2735 gitur,
525 2672 612 2731 quam
632 2674 669 2713 ex
692 2654 767 2715 hoc:
787 2650 959 2732 τεταμένον
977 2654 1111 2735 opiparor
1131 2653 1184 2718 doit
1202 2656 1418 2737 μυελοτρεφῆς
1495 2706 1496 2711 ,

386 2748 395 2769 “
415 2750 545 2809 οιιιιιίιιιιι
566 2749 644 2808 enim
664 2749 774 2826 pedum
796 2752 924 2829 syllabas
944 2752 1064 2833 longas,
1090 2759 1214 2833 excepta
1233 2752 1347 2825 ultima,
1367 2770 1418 2812 so·

414 2843 493 2905 intes
523 2843 622 2905 habet.
664 2844 821 2906 Praeterea
840 2848 956 2926 longam
977 2850 1120 2926 syllabam
1140 2850 1168 2910 in
1187 2848 1247 2908 hoe
1265 2866 1358 2908 versu
1373 2849 1418 2907 vl·

415 2938 518 3000 demus
545 2957 600 3019 pro
628 2939 710 2999 brevi
737 2937 911 3021 usurpatnm‘
936 2945 1082 3023 esse²⁸)‚
1115 2964 1172 3024 qua
1191 2944 1308 3005 lieentia
1333 2944 1415 3004 haud
1495 3024 1496 3035 ἵ

292 3054 300 3059 ’
414 3034 477 3095 scio
496 3053 533 3095 an
552 3036 760 3114 dithyrambiei
779 3040 898 3117 saepius
916 3040 963 3099 usi
984 3040 1053 3102 sint

493 3130 580 3209 Quod
600 3132 729 3209 denique
755 3136 897 3195 musicam
917 3133 1070 3196 Timothei
1096 3137 1211 3212 attinet,
1230 3136 1306 3195 haee
1325 3154 1415 3213 qnae-

414 3227 472 3288 stio
507 3226 680 3286 difficillima
707 3232 754 3286 est
786 3234 818 3289 at
842 3230 952 3290 nostris
981 3230 1164 3309 temporibus
1191 3234 1240 3292 vix
1268 3232 1414 3293 solvenda.

413 3321 518 3397 Neque
537 3322 616 3381 enim
643 3322 851 3401 perspicimus,
879 3327 1027 3403 quomodo
1051 3344 1128 3405 quae
1152 3326 1259 3388 Snidea
1288 3333 1317 3387 ct
1346 3326 1414 3387 Sta-

413 3414 529 3496 phanes
554 3416 715 3492 Byzantius
743 3417 781 3477 de
807 3422 904 3481 modis
937 3422 1002 3481 eius
1028 3422 1149 3482 musicis
1185 3423 1302 3483 diverse
1333 3421 1413 3482 reie-
1494 3450 1496 3493 y

414 3516 482 3571 rent
501 3508 686 3570 concilianda
706 3510 780 3584 sint,
803 3532 900 3592 neque
919 3517 1067 3595 quomodo
1086 3517 1144 3598 ipsi
1165 3518 1327 3597 comparati
1345 3517 1413 3577 iue-

414 3606 473 3667 rint
498 3605 585 3665 aliter
611 3624 698 3683 quam
724 3607 896 3671 coniectura
922 3612 1042 3690 assequi
1061 3630 1228 3691 possumus.
1275 3614 1413 3673 Attamen

365 3759 368 3764 ,
414 3717 452 3761 ex
471 3697 580 3763 Snidae
607 3707 638 3760 ct
657 3700 800 3781 Stephani
829 3707 929 3767 verbis
947 3707 1074 3785 primurn
1093 3714 1217 3788 apparet
1235 3726 1338 3768 aorem
1355 3725 1412 3767 nn·

413 3812 527 3857 merum
554 3796 649 3856 inisse
678 3799 853 3876 maximum,
884 3802 993 3864 ddnde
1022 3804 1140 3864 omnino
1157 3802 1218 3863 duo
1235 3820 1347 3881 genera
1363 3802 1412 3865 di·

415 3888 627 3963 serenasse,
652 3909 775 3968 qaorum
803 3894 929 3959 alterum
955 3898 1031 3977 ipsis
1050 3900 1231 3960 carminibus
1247 3914 1412 3974 vocumque

1490 3236 1496 3447 ¹

414 3984 548 4045 cantibus
561 3986 780 4065 adiungeretur,
801 3990 927 4053 alterum
945 3993 982 4054 iis
1001 3989 1297 4073 praeludereturfl).
1329 3991 1411 4068 Quas
1495 3978 1496 4050 l

437 4148 442 4157 =
466 4133 494 4167 os

468 4135 513 4284 ²⁹3
528 4135 766 4274 Eaffigsiiibiiled
782 4223 836 4275 hoe
851 4239 951 4293 genus,
975 4227 1048 4292 quod
1064 4165 1162 4280 saida·
1177 4227 1309 4297 meipso
1324 4222 1411 4276 Μί-

414 4303 474 4365 nat,
490 4300 620 4369 Stephani
637 4304 734 4357 verba:
759 4304 807 4359 uei
823 4306 963 4377 πρωόμια
979 4306 1068 4362 ἄλλων
1084 4312 1157 4376 χίλια
1172 4309 1325 4379 (pruiudis
1340 4308 1410 4361 alio·

414 4398 475 4437 rem
490 4400 527 4441 se·
543 4386 708 4454 modorum),
725 4388 864 4455 portinent.
898 4390 953 4447 sou
969 4407 1052 4460 qaum
1067 4407 1195 4450 marna
1209 4395 1286 4451 milla
1301 4394 1412 4462 praelo

1492 4382 1496 4443 l
