3259 5367
831 557 902 657 „en
965 636 970 646 ,

377 736 522 819 legimns,
550 733 631 797 hunc
649 728 843 793 Philoxenum
862 731 1052 808 mangone
1074 724 1253 806 insipaim
1271 724 1377 806 iusso,

380 830 509 913 aequalis
530 829 589 892 init
609 826 770 888 Philoxeno
790 825 933 903 cytherio
953 826 1101 905 aliquanto
1119 825 1225 891 maior.
1263 822 1380 885 Romal

379 934 515 991 tenemus
535 930 566 985 et
585 922 706 1000 reliquo,
727 940 803 1001 quae
822 921 882 981 iruo
900 920 1023 996 iaciant,
1043 918 1217 998 cogitamus,
1236 918 1326 979 tacite
1347 925 1380 981 et

379 1030 493 1086 mature
511 1023 589 1083 hune
608 1037 675 1079 num
694 1017 745 1077 iilo
765 1016 956 1092 commutari,
983 1023 1016 1075 et
1042 1015 1122 1092 quon
1142 1013 1219 1075 riter
1238 1021 1382 1093 peccaret

380 1119 466 1180 alteri
486 1114 601 1177 crimini
621 1112 686 1173 uari
708 1112 843 1189 potuisse
857 1111 1055 1190 intelligimus.
1096 1109 1201 1188 ltaque
1221 1110 1382 1187 diligenter

380 1221 412 1275 et
431 1196 517 1275 oiute
537 1209 621 1271 nohis
640 1209 784 1285 agendum
805 1211 873 1277 est,
893 1213 927 1265 nt
945 1225 1030 1266 sunm
1051 1205 1159 1283 cuique
1177 1207 1382 1281 restituamus,

380 1316 471 1389 atque
490 1305 648 1366 canendum
669 1322 728 1362 non
749 1302 862 1377 seium,
887 1320 926 1362 ne
945 1301 1052 1361 leniter
1071 1301 1151 1378 quod
1170 1299 1310 1359 Leucadii
1330 1307 1382 1362 est

381 1405 419 1465 ari
439 1402 613 1482 cytherium
633 1398 856 1472 transieramus,
877 1397 931 1456 sed
951 1397 1041 1457 etiarn
1062 1416 1118 1472 ne,
1138 1396 1165 1455 si
1183 1396 1264 1472 quoti
1283 1397 1382 1458 minue

381 1506 496 1561 certum
524 1496 563 1555 ‹le
590 1512 696 1555 norece
713 1492 819 1569 ¹aliquo
838 1493 1000 1556 Phiioxeno
1027 1499 1176 1553 narratum
1194 1497 1261 1565 est,
1294 1492 1383 1570 quale
1411 1531 1415 1536 -

382 1601 430 1657 est
453 1594 490 1652 alr
509 1590 631 1652 Aeliano
651 1606 678 1647 v.
705 1589 735 1649 h.
762 1586 806 1663 X,
831 1592 879 1663 n,
899 1589 939 1648 de
957 1587 1174 1667 dithyrambico
1200 1585 1380 1665 accipiamus

381 1688 507 1753 reletnm
526 1694 604 1764 esse,
624 1685 705 1764 quod
722 1684 821 1765 potius
841 1685 879 1743 ad
898 1685 1061 1763 parasitum
1081 1681 1281 1763 relegandum.

779 1840 979 1854 --—.......-

603 2016 648 2085 11.
699 2018 761 2085 De
793 2015 1029 2085 Philoxeni
1060 2021 1161 2082 arte.

825 2164 951 2178 ’—

458 2265 610 2339 Pheronia,
627 2283 703 2341 iprae
712 2264 891 2325 Philoxenus
908 2263 1118 2343 composuerit,
1131 2260 1248 2323 aSuirla
1260 2260 1290 2341 1)
1307 2260 1386 2323 haec

382 2353 584 2423 nominantur:
604 2360 703 2420 XXIV
724 2357 914 2435 dithyrambi,
936 2358 1102 2431 comentes,
1121 2357 1294 2437 genealogia
1306 2358 1386 2418 Aea·

385 2458 517 2519 nidorum
526 2477 536 2530 3
558 2474 576 2512 e
596 2453 792 2530 dithyrambis
812 2461 912 2514 eutem
924 2472 1002 2515 unus
1019 2453 1179 2530 inscriptus
1195 2454 1324 2533 Cyclops
1338 2452 1386 2512 vei

349 2616 354 2621 ,
385 2550 507 2611 Galatea
527 2569 544 2607 a
564 2550 698 2628 pluribus
715 2550 746 2625 2)
768 2549 912 2610 laudatur.
952 2549 1116 2610 Praeterea·
1130 2542 1250 2611 carmin
1269 2550 1388 2611 nomine
1480 2607 1481 2614 ,

384 2644 477 2726 Syrus
503 2644 540 2704 ab
561 2644 714 2721 Hesychia
737 2644 768 2722 ³)
790 2653 1045 2705 commemoratur.
1087 2644 1219 2724 lienique
1247 2647 1307 2707 duo
1333 2664 1388 2707 ex·
1480 2637 1481 2654 ¹

383 2748 464 2802 stent
482 2740 710 2818 epigrammata,
731 2740 856 2799 alterum
876 2741 1023 2817 integrum
1044 2741 1096 2818 ⁴),
1121 2742 1247 2803 alterum
1267 2741 1386 2803 mutita-
1479 2735 1481 2828 i

385 2844 450 2897 tum
474 2836 511 2897 ⁵.
924 2883 927 2890 .

463 2838 596 3006 Qirorrrm
624 2938 793 3007 poematum
814 2949 904 3009 quum
931 2948 970 2989 ne
987 2950 1078 3022 unum
1098 2933 1219 3010 quidem
1238 2933 1386 3012 integrum

385 3028 525 3107 (excepto
545 3024 790 3106 epigrammate),
817 3026 871 3086 sed
890 3044 986 3105 pauca
1004 3034 1116 3088 tentum
1146 3035 1177 3091 et
1202 3046 1304 3089 manca
1325 3025 1388 3087 ira·
1477 3069 1478 3076 κ

385 3127 505 3205 gmenta
533 3124 570 3183 ad
597 3123 927 3183 mernoriam'nostrnm
957 3125 1158 3203 pervenerint,
1187 3125 1320 3202 quaestio
1348 3122 1387 3182 de
1477 3079 1478 3162 i

384 3218 538 3281 Philoxeni
557 3220 640 3297 poesi
661 3238 718 3277 non
745 3225 847 3295 potest
865 3234 923 3277 non
942 3217 1028 3278 valde
1046 3217 1189 3294 impedita
1209 3237 1286 3278 esse.
1326 3218 1388 3278 Ao-

385 3322 484 3375 tamen
504 3314 561 3372 hac
581 3312 687 3389 inopia'
700 3311 907 3371 molestissima
926 3313 1124 3373 laborantibus
1139 3329 1283 3391 prospere
1303 3313 1388 3372 nobis

386 3409 445 3469 hoc
466 3406 579 3481 evenit,
611 3406 688 3483 quod
710 3406 850 3483 Cyclopis
878 3409 1033 3483 carminis,
1062 3407 1170 3469 iudicio
1192 3416 1253 3468 tom
1272 3408 1387 3468 Aeliani
1475 3427 1476 3496 p

387 3522 475 3581 quum
494 3502 749 3579 grammaticorum
769 3501 1046 3577 Alexandrinorum,
1067 3505 1204 3580 omnium,
1226 3524 1302 3585 quae
1315 3503 1386 3563 Phi·
1474 3579 1475 3582 Ἴ

385 3599 507 3659 loxenur
528 3597 649 3671 iecerit,
679 3598 944 3676 praestantissimi,
965 3597 1092 3677 aliquam
1120 3611 1204 3662 certe
1231 3590 1385 3679 imaginem
1474 3589 1475 3660 i

387 3693 533 3770 reingere
552 3692 635 3754 licet.
670 3692 738 3753 Hoc
757 3712 892 3769 carmen,
913 3696 984 3756 dum
1003 3695 1052 3756 ulii
1072 3694 1211 3777 Cyclopis
1230 3697 1281 3758 alii
1298 3696 1386 3759 Gala-

457 3963 486 4030 1)
503 3977 525 4014 o.
542 3979 568 4013 v·
588 3957 730 4025 Φιλόξενος
748 3964 774 4013 et
790 3958 973 4030 iinoyeoionr.
1472 3921 1473 3996 i

457 4047 486 4115 2)
502 4045 609 4098 Ariotut.
626 4050 695 4111 poet.
713 4046 748 4096 ll.
766 4045 859 4098 schol.
877 4046 912 4098 ed
928 4046 1064 4116 Aristoph-
1079 4047 1150 4103 Pion
1167 4065 1194 4102 v.
1207 4046 1267 4103 29⁰.
1283 4046 1386 4103 Aelim

389 4149 415 4189 v.
431 4133 460 4186 h.
479 4131 539 4194 xil,
554 4127 597 4180 44.
612 4128 707 4181 Athen.
724 4129 746 4193 1,
762 4128 788 4181 i.
1471 4151 1472 4154 ¹

373 4248 375 4259 ,
457 4215 487 4283 ⁸)
503 4230 525 4267 ι.
542 4231 570 4266 v.
587 4209 768 4279 Moneriprnrr.
786 4212 821 4267 cf.
838 4213 1026 4283 hogm.v11h
1090 4244 1093 4251 ·

454 4299 485 4367 ⁴)
501 4298 604 4352 leoobs.
621 4298 722 4351 anthol.
739 4312 782 4367 gr.
799 4315 826 4350 r.
843 4298 878 4351 11.
894 4316 923 4366 p.
940 4298 984 4354 δῦ.

404 4453 407 4469 ‚
457 4382 486 4453 ⁵)
502 4381 591 4455 enig.
606 4382 669 4441 hiet·
686 4382 783 4439 mireb.
799 4380 859 4437 m.
